3984 5825
428 663 491 726 200
919 673 1076 721 vmnuvu

516 830 596 894 Item
620 839 695 892 sunt
718 827 892 892 nonnullae
906 826 1020 890 acidae
1037 848 1139 889 venae
1161 825 1312 907 fontium,
1334 827 1384 890 uti
1406 827 1574 913 Lyncesto

430 941 461 995 et
484 933 518 995 in
541 929 638 995 Italia
653 928 787 1012 Velino,
812 929 992 1015 Campania
1014 928 1125 992 Teano
1146 926 1284 1014 aliisque
1306 926 1387 992 locis
1409 927 1574 1016 pluribus,

429 1055 512 1120 quac
533 1032 617 1096 hanc
638 1031 760 1096 habent
782 1032 938 1097 virtutem
955 1031 1002 1095 uti
1018 1028 1158 1095 calculos
1174 1030 1208 1093 in
1223 1020 1341 1094 v'esicis
1358 1031 1414 1116 qui
1436 1053 1575 1094 nascun-

430 1147 484 1201 tur
504 1137 539 1200 in
554 1134 744 1221 corporibus
769 1133 937 1198 hominum
951 1131 1138 1219 potionibus
1154 1131 1342 1196 discutiant.
1379 1132 1452 1196 ficri
1466 1142 1577 1196 autem
1595 1153 1621 1202 18

363 1320 367 1328 .
397 1239 492 1303 ohoc
514 1232 706 1301 naturaliter
727 1235 801 1299 ideo
824 1234 956 1298 videtur
982 1233 1070 1321 quod
1091 1255 1167 1297 acer
1188 1240 1220 1296 et
1241 1231 1354 1297 acidus
1378 1255 1475 1297 sucus
1500 1233 1575 1299 sub-

431 1349 482 1404 est
511 1340 544 1402 in
572 1359 612 1401 ea
639 1347 741 1420 terra,
772 1358 829 1424 per
857 1358 952 1423 quam
982 1336 1188 1422 egredientes
1216 1355 1319 1398 venae
1344 1335 1577 1421 intinguuntur

430 1438 624 1520 acritudine,
647 1448 680 1502 et
701 1439 748 1502 ita
770 1459 843 1502 cum
866 1440 900 1502 in
922 1459 1038 1525 corpus
1060 1439 1219 1518 inierunt,
1242 1435 1405 1525 dissipant
1428 1460 1513 1525 quae
1536 1460 1577 1501 ex

431 1564 587 1630 aquarum
615 1538 822 1603 subsidentia
850 1541 885 1603 in
910 1540 1099 1627 corporibus
1126 1539 1409 1603 exconcrescentia
1434 1538 1577 1603 offende-

432 1653 517 1710 runt.
562 1663 661 1730 quare
682 1651 791 1705 autem
813 1640 1032 1706 discutiantur
1054 1664 1096 1705 ex
1122 1640 1224 1706 acidis
1255 1663 1311 1705 eae
1332 1663 1402 1724 res,
1433 1643 1482 1704 sic
1505 1664 1577 1729 pos·

383 1760 414 1808 10
432 1768 541 1810 sumus
556 1742 826 1808 animadvertere.
871 1765 969 1808 ovum
990 1745 1026 1807 in
1040 1752 1132 1808 aceto
1147 1744 1174 1807 si
1197 1742 1319 1808 diutius
1342 1744 1487 1829 positum
1512 1743 1578 1808 fue-

432 1849 486 1931 rit,
510 1856 623 1910 cortex
639 1846 707 1908 eius
723 1843 889 1909 mollescet
905 1855 937 1909 et
954 1844 1163 1910 dissolvetur.
1200 1846 1277 1908 item
1294 1844 1474 1932 plumbum,
1493 1846 1579 1932 quod

433 1958 483 2014 est
504 1948 721 2012 lentissimum
736 1955 768 2012 et
789 1948 1035 2031 gravissimum,
1059 1948 1088 2011 si
1110 1947 1144 2010 in
1159 1969 1237 2010 vase
1252 1944 1457 2012 conlocatum
1479 1948 1579 2012 fuerit

433 2062 465 2115 et
488 2053 521 2115 in
544 2073 581 2115 oo
603 2058 732 2114 acetum
753 2048 927 2130 suffusum,
951 2047 985 2112 id
1008 2057 1116 2112 autem
1132 2055 1278 2136 opertum
1296 2058 1328 2112 et
1350 2047 1491 2114 oblitum
1506 2051 1578 2134 erit,

434 2152 595 2217 efficietur
621 2152 670 2216 uti
697 2149 866 2238 plumbum
894 2148 1095 2214 dissolvatur
1123 2158 1155 2213 et
1183 2149 1238 2213 fiat
1266 2172 1408 2215 cerussa.
1454 2151 1579 2216 eisdem
1599 2173 1621 2220 19

386 2268 416 2316 15
434 2253 615 2320 rationibus
637 2274 703 2337 aes,
727 2252 814 2338 quod
837 2253 936 2316 etiarn
959 2250 1112 2316 solidiore
1136 2260 1185 2315 est
1206 2260 1332 2335 natura,
1356 2251 1510 2317 similiter
1525 2276 1578 2318 cu-

433 2365 536 2421 ratum
561 2357 589 2419 si
611 2353 720 2437 fuerit,
743 2352 959 2440 dissipabitur
981 2363 1014 2417 et
1034 2353 1091 2417 fiet
1113 2373 1244 2437 aerugo.
1288 2354 1367 2417 item
1388 2358 1579 2440 margarita,

433 2481 499 2523 non
514 2459 621 2522 minus
637 2478 717 2520 saxa
733 2454 855 2540 silicea,
879 2444 1082 2542 quaerasque
1103 2453 1225 2518 ferrum
1240 2477 1345 2542 neque
1360 2456 1447 2540 ignis
1471 2466 1581 2545 potest

435 2582 492 2649 pcr
507 2582 542 2624 se
557 2556 748 2641 dissolvere,
773 2580 846 2622 cum
861 2558 904 2621 ab
926 2559 995 2642 igni
1012 2566 1088 2622 sunt
1109 2555 1334 2644 percalefacta,
1357 2566 1450 2621 aceto
1466 2580 1581 2645 sparso

435 2660 603 2727 dissiliunt
626 2670 657 2723 ct
679 2657 913 2724 dissolvuntur.
959 2680 1036 2743 ergo
1060 2680 1133 2722 cum
1154 2658 1212 2722 has
1234 2680 1286 2722 res
1307 2668 1383 2724 ante
1406 2659 1519 2725 oculos
1535 2661 1582 2724 ita

383 2779 416 2825 au
435 2764 505 2827 lieri
528 2761 709 2844 videamus,
731 2761 963 2825 ratiocinemur
984 2758 1089 2824 isdem
1110 2759 1290 2824 rationibus
1314 2782 1357 2824 ex
1377 2759 1483 2824 acidis
1507 2783 1580 2848 pro-

436 2875 507 2954 ptor
528 2863 745 2928 acritudinem
768 2863 838 2927 suci
861 2863 959 2928 ctiam
982 2860 1158 2928 calculosos
1183 2883 1200 2925 e
1222 2871 1337 2928 natura
1358 2884 1467 2927 rerum
1491 2864 1580 2928 simi-

436 2966 512 3031 liter
534 2987 630 3052 posse
652 2965 769 3029 curari.

521 3067 604 3133 Sunt
625 3076 734 3131 autem
757 3067 854 3131 etiam
876 3066 983 3131 fontes
1005 3067 1054 3130 uti
1076 3067 1153 3132 vino
1176 3066 1283 3149 mixti,
1306 3066 1581 3153 quemadmodum
1600 3090 1621 3138 2(

437 3178 486 3233 est
507 3192 590 3234 unus
613 3166 856 3256 Paphlagoniae
863 3218 872 3251 ,
896 3190 938 3232 ex
958 3189 1022 3254 quo
1046 3189 1117 3232 eam
1138 3189 1257 3255 aquam
1279 3168 1349 3232 sine
1365 3169 1443 3233 vino
1465 3179 1588 3257 poten-¹

386 3286 418 3333 25
437 3280 486 3335 tes
508 3271 590 3335 liunt
611 3267 792 3335 temulenti.
836 3269 1026 3358 Aequiculis
1041 3278 1150 3335 autem
1172 3270 1207 3333 in
1222 3267 1319 3334 Italia
1334 3279 1366 3334 et
1388 3272 1423 3335 in
1439 3270 1582 3359 Alpibus

436 3373 567 3436 natione
604 3370 822 3436 Medullorum
858 3381 908 3436 ost
948 3392 1052 3456 genus
1088 3392 1191 3457 aquae
1232 3393 1329 3458 quam
1366 3373 1423 3459 qui
1463 3372 1583 3438 bibunt

437 3471 625 3536 efficiuntur
657 3471 797 3558 turgidis
830 3471 1028 3559 gutturibus.
1087 3470 1232 3537 Arcadia
1268 3494 1345 3538 vero
1379 3475 1500 3539 civitas
1534 3485 1614 3540 esta

436 3594 503 3635 non
529 3573 642 3655 ignota
670 3572 816 3658 Clitorii,
845 3577 880 3638 in
908 3574 999 3640 cuius
1026 3576 1114 3659 agris
1147 3583 1197 3638 est
1230 3573 1384 3660 spelunca
1416 3576 1583 3662 profluens

506 3880 631 3933 trelino
651 3881 771 3932 Budaeus
793 3880 839 3944 (ec
859 3882 923 3936 Plio.
944 3886 986 3943 31,
1005 3882 1044 3947 9):
1076 3881 1176 3934 vienna
1194 3882 1280 3936 ΕΘΗ.
1303 3878 1315 3949 ll
1338 3882 1442 3934 theano
1462 3885 1548 3942 ΕΘΗ,
1569 3884 1580 3950 ll

438 3971 454 4019 3
473 3966 543 4017 hanc
555 3966 672 4018 habent:
690 3968 728 4017 etc
740 3966 825 4021 EOH.
850 3962 863 4033 ΙΙ
885 3967 927 4017 uti
944 3968 976 4016 H
990 3964 1074 4033 (Llc):
1094 3970 1125 4016 ut
1137 3965 1194 4017 130.
1216 3962 1228 4033 ΙΙ
1251 3969 1267 4016 6
1284 3967 1459 4034 intinguntur
1470 3970 1557 4021 EGH,
1569 3969 1580 4035 ll

438 4051 595 4102 linierunt
612 4052 694 4103 EGH
713 4048 769 4115 (Le,
789 4052 902 4103 inierint
920 4051 1009 4115 aceo).
1033 4047 1045 4119 ΙΙ
1068 4052 1084 4101 8
1103 4053 1348 4103 exconcrescentia
1366 4069 1426 4119 epos
1450 4051 1531 4118 &(et
1551 4056 1582 4119 0)

439 4135 632 4198 concrederem
650 4152 718 4187 corr.
739 4134 887 4200 H)scentia
904 4136 990 4187 EHH.
1011 4131 1024 4203 1]
1047 4135 1214 4187 offenderint
1231 4135 1277 4191 Ec.
1299 4132 1312 4202 {l
1336 4140 1351 4188 9
1371 4153 1422 4188 eae
1441 4139 1524 4189 EGH
1539 4136 1581 4204 (h,

437 4222 486 4270 sed
496 4220 533 4268 [ιθ
552 4235 608 4284 eae,
628 4220 681 4271 hae
699 4215 772 4288 10).ss
794 4222 824 4270 11
844 4220 933 4270 cortix
945 4223 976 4273 le.
1000 4216 1012 4286 ll
1034 4219 1178 4271 mollescet
1196 4220 1257 4271 EG:
1276 4222 1349 4271 -cit
1367 4222 1396 4271 H
1414 4222 1494 4289 (Ide).
1515 4228 1526 4282 ll
1553 4224 1582 4273 15

439 4303 523 4367 quod:
544 4304 608 4369 quia
626 4304 659 4353 Ε.
682 4300 695 4371 ΙΙ
720 4305 751 4353 16
774 4304 859 4354 fuerit
878 4295 893 4355 l
910 4300 1070 4369 dissipabitl
1091 4304 1120 4353 H
1142 4302 1166 4369 (s
1188 4306 1239 4358 del.
1257 4306 1319 4369 H0).
1341 4302 1353 4373 ll
1375 4306 1423 4357 fiet
1445 4307 1478 4357 H
1499 4307 1582 4373 (Lle):

439 4387 488 4438 liat
509 4388 567 4441 EG.
595 4386 606 4454 ΙΙ
635 4389 665 4437 17
684 4388 781 4438 silicea
800 4404 871 4454 quae
895 4385 1119 4454 (silicea.lquae
1138 4389 1174 4455 E)
1193 4389 1254 4441 EG:
1280 4388 1469 4457 silicelaquae
1490 4394 1519 4443 H
1536 4393 1582 4455 (si-

438 4469 609 4536 lice.aquae
628 4473 664 4534 L,
688 4472 766 4538 silice
786 4488 856 4539 aque
875 4478 895 4537 l,
914 4472 1067 4539 silicesque
1086 4472 1136 4538 cb).
1159 4470 1172 4540 ss
1193 4476 1227 4525 20
1245 4472 1351 4527 hisdem
1370 4476 1451 4526 EGH
1471 4473 1520 4542 (lc,
1539 4477 1582 4527 his

439 4554 472 4603 de
496 4555 539 4620 L).
564 4551 575 4621 ll
597 4558 631 4605 24
652 4556 846 4622 paphagoniae
869 4558 894 4607 E
916 4556 1114 4624 (paphegloniq
1135 4556 1166 4625 l).
1189 4554 1202 4625 ΙΙ
1230 4572 1289 4609 eam
1313 4575 1413 4625 aquam
1435 4563 1497 4612 sine
1520 4562 1580 4613 EG:

441 4653 502 4687 eam
519 4639 578 4688 sinc
595 4640 623 4687 H
636 4637 715 4703 (Llc).
731 4638 743 4706 ΙΙ
758 4643 791 4691 25
809 4642 977 4706 Aequiculus
996 4643 1029 4695 E.
1055 4637 1068 4709 ll
1091 4643 1124 4692 26
1142 4643 1277 4711 bibebunt
1294 4645 1344 4695 Hc,
1369 4640 1380 4710 ll
1403 4647 1436 4695 27
1456 4645 1581 4697 arcadia:

439 4722 477 4769 sic
494 4719 560 4783 (eine
577 4718 617 4787 in)
636 4723 722 4773 EGH.
746 4719 758 4790 ΙΙ
780 4725 813 4774 28
832 4723 952 4776 cutorii:
969 4729 1008 4778 sic
1026 4723 1142 4791 (clitori)
1163 4729 1246 4780 EGH.
1275 4735 1283 4770 Ι
