3984 5825
543 698 603 760 100
1028 713 1185 758 virnuvn

541 887 637 952 super
658 888 732 928 cum
753 866 915 951 apophysi
937 888 1081 929 crassum
1104 874 1260 950 quantrmr
1283 863 1439 952 plinthus.
1484 861 1617 950 capituli
1639 860 1683 923 al·

539 966 645 1031 titudo
668 966 806 1030 dimidia
828 965 1065 1030 crassitudinis.
1110 966 1206 1029 abaci
1226 965 1364 1029 latitudo
1380 974 1502 1050 quanta
1518 965 1583 1026 ima
1598 984 1682 1025 cras-

539 1067 649 1131 situdo
672 1067 849 1133 columnae.
901 1067 1100 1155 capitulique
1123 1066 1306 1131 crassitudo
1329 1065 1498 1130 dividatur
1519 1066 1555 1128 in
1576 1071 1682 1152 partes

539 1179 621 1250 tres,
652 1168 809 1254 equibus
831 1193 896 1233 una
918 1169 1061 1256 plintho,
1091 1191 1174 1254 quae
1197 1177 1247 1231 est
1268 1190 1327 1255 pro
1349 1164 1467 1248 abaco,
1501 1167 1615 1248 detur,
1637 1163 1681 1228 al-

505 1281 609 1334 stera
637 1271 767 1353 echino,
799 1273 896 1335 tertia
923 1270 1170 1357 hypotrachelio
1199 1293 1272 1333 cum
1294 1269 1466 1357 apophysi.
1512 1290 1610 1354 supra
1633 1279 1713 1331 cot

537 1369 664 1434 lumnas
691 1371 799 1435 trabes
828 1371 1036 1459 compactiles
1058 1374 1258 1459 inponantur
1279 1371 1463 1435 altitudinis
1492 1368 1633 1434 modulis
1655 1368 1681 1431 is

504 1544 507 1548 ,
539 1474 595 1559 qui
609 1497 630 1537 a
643 1473 870 1558 magnitudine
885 1475 991 1561 operis
1014 1473 1276 1561 postulabuntur.
1321 1494 1442 1557 eaeque
1464 1471 1575 1535 trabes
1598 1491 1680 1534 com-

538 1574 674 1660 pactiles
690 1597 762 1638 eam
776 1575 917 1639 habeant
933 1574 1198 1656 crassitudinem,
1222 1584 1343 1660 quanta
1357 1594 1501 1637 summae
1517 1570 1682 1636 columnae

538 1678 600 1739 erit
627 1676 925 1762 hypotrachelium,
960 1688 992 1740 ct
1021 1677 1067 1740 ita
1095 1678 1160 1739 sint
1188 1684 1376 1763 compactae
1403 1674 1623 1739 subscudibus
1652 1683 1681 1735 et

489 1789 521 1835 10
539 1777 704 1842 securiclis
737 1787 774 1841 ut
804 1789 1014 1864 compactura
1041 1777 1180 1841 duorum
1213 1777 1390 1862 digitorum
1422 1775 1567 1840 habeant
1593 1774 1680 1839 laxa·

538 1880 670 1942 tionem.
724 1901 796 1942 cunr
819 1881 905 1943 enim
928 1881 1013 1943 inter
1036 1900 1070 1942 se
1092 1888 1231 1964 tangimt
1254 1888 1286 1942 et
1307 1901 1372 1942 non
1395 1879 1630 1964 spiramentum
1652 1884 1680 1939 et

538 1979 710 2066 perflatum
738 1984 829 2045 venti
856 1981 1034 2068 recipiunt,
1063 1979 1359 2045 concalefaciuntur
1386 1990 1418 2043 et
1447 1976 1599 2042 celeriter
1625 2000 1680 2066 pu-

471 2115 475 2123 *
536 2093 694 2145 trescunt.
744 2103 843 2168 supra
869 2080 979 2146 trabes
1010 2091 1042 2145 ct
1070 2104 1168 2169 supra
1195 2082 1337 2168 parietes
1359 2082 1556 2145 traiecturae
1577 2086 1712 2142 mutu-5

537 2183 642 2247 lorum
670 2194 761 2269 parte
793 2201 848 2245 1111
877 2181 1062 2246 altitudinis
1091 2183 1258 2247 columnae
1291 2183 1509 2270 proiciantur,
1543 2182 1622 2244 item
1649 2180 1682 2241 in

457 2324 459 2329 ·
489 2294 521 2340 15
539 2305 648 2348 eorum
681 2282 844 2346 frontibus
877 2293 1129 2369 antepagmenta
1156 2284 1312 2369 figantur,
1342 2304 1505 2371 supraque
1533 2304 1572 2345 ea
1597 2291 1680 2367 tym-

538 2406 659 2468 panum
687 2384 813 2468 fastigii
839 2393 1004 2448 structura
1032 2408 1089 2449 seu
1117 2386 1157 2449 de
1183 2387 1319 2449 materia
1341 2384 1681 2468 conlocetur,‚supra<

539 2507 601 2570 que
623 2485 659 2548 id
681 2485 850 2569 fastigium
873 2483 1036 2568 columen,
1061 2488 1234 2569 cantherii,
1265 2486 1385 2574 templa
1406 2487 1454 2550 ita
1476 2495 1553 2550 sunt
1576 2482 1681 2549 conlo-

539 2586 643 2649 canda
663 2597 702 2650 ut
721 2584 925 2650 stillicidium
947 2589 1027 2651 tecti
1048 2587 1192 2653 absoluti
1213 2589 1357 2652 tertiario
1379 2588 1586 2675 respondeat.

623 2687 724 2751 Fiunt
737 2697 848 2752 autem
869 2687 967 2751 aedes
988 2689 1164 2770 rotundae,
1188 2712 1205 2752 e
1227 2690 1344 2776 quibus
1366 2687 1450 2753 aliae
1471 2697 1682 2774 monopteroe
1697 2699 1763 2765 (vul

486 2802 520 2849 ao
537 2791 609 2854 sine
637 2788 718 2853 cella
745 2789 947 2854 columnatae
974 2793 1233 2873 constituuntur,
1254 2790 1339 2855 aliae
1360 2791 1544 2877 peripteroe
1566 2790 1681 2852 dicun-

459 2947 462 2950 .
537 2901 599 2963 tur.
644 2915 726 2979 quae
754 2893 824 2957 sine
851 2889 933 2956 cella
955 2891 1053 2975 fiunt,
1082 2891 1225 2957 tribunal
1245 2891 1369 2955 habent
1392 2901 1424 2955 et
1445 2911 1616 2968 ascensum
1638 2909 1683 2952 ex

536 3016 596 3057 sua
628 2996 786 3059 diametro
819 2996 934 3059 tertiae
967 2997 1081 3083 partis.
1137 2995 1269 3080 insuper
1302 2991 1484 3079 stylobatas
1513 2989 1682 3056 columnae

537 3096 778 3161 constituuntur
809 3107 876 3161 tam
904 3095 990 3160 altae
1022 3107 1142 3182 quanta
1168 3095 1211 3159 ab
1239 3096 1392 3159 extremis
1420 3092 1603 3181 parietibus
1633 3102 1682 3155 cst

502 3265 504 3270 ,
536 3196 711 3261 diametros
739 3196 990 3284 stylobatamm,
1020 3218 1146 3260 crassae
1173 3196 1355 3260 altitudinis
1384 3218 1461 3260 suae
1490 3217 1565 3259 cum
1594 3195 1680 3280 capi·

485 3296 614 3360 astulis
643 3307 676 3360 et
703 3298 799 3383 spiris
827 3298 982 3362 decumae
1010 3300 1124 3385 partis.
1176 3297 1366 3383 epistylium
1387 3294 1491 3361 altum
1513 3294 1682 3361 columnae

525 3396 764 3461 ’crassitudinis
792 3398 930 3462 dimidia
955 3409 1060 3486 parte.
1110 3398 1271 3485 zophorus
1300 3408 1332 3462 ct
1365 3397 1492 3485 reliqua
1520 3419 1605 3485 quae
1632 3399 1680 3461 in-

605 3652 773 3717 lapophysi
790 3654 828 3701 L:
856 3657 972 3717 apopysi
993 3656 1026 3703 H
1044 3653 1099 3718 (lc),
1125 3657 1232 3719 spopisi
1253 3657 1282 3709 G.
1312 3653 1324 3721 ΙΙ
1349 3659 1366 3705 4
1388 3660 1445 3705 tres
1467 3656 1500 3704 H
1520 3652 1605 3717 (Llc):
1629 3653 1681 3703 111.

538 3739 566 3790 θ.
593 3734 605 3803 l]
631 3752 680 3801 pro
703 3737 791 3787 abaco
813 3738 892 3787 Plu:
919 3738 1039 3787 inabsco
1064 3738 1121 3788 GH.
1152 3734 1165 3805 ll
1191 3739 1360 3804 5apophysi
1381 3740 1414 3788 H
1438 3737 1503 3804 (Lo,
1531 3738 1630 3803 —pysi
1651 3735 1681 3800 l),

537 3822 646 3886 apopisi
665 3821 695 3874 G.
717 3817 730 3887 ll
751 3819 893 3870 columnas
911 3836 958 3872 om.
978 3824 1000 3874 G
1019 3821 1096 3886 (inter
1113 3823 1155 3872 lia.
1174 3824 1235 3873 add.
1256 3823 1309 3887 ⁶0).
1330 3819 1343 3889 ΙΙ
1369 3825 1385 3871 6
1403 3824 1574 3888 inponantur
1590 3826 1622 3869 ut
1639 3820 1680 3869 al—

536 3906 663 3956 titudinis
684 3906 737 3956 GH
753 3904 794 3969 (ut
817 3906 867 3957 del.
885 3905 963 3957 Lor..
987 3907 1029 3955 nti
1051 3907 1107 3955 sint
1126 3906 1175 3956 alt.
1193 3906 1270 3971 doe).
1290 3904 1302 3973 Η
1322 3910 1360 3957 is:
1384 3907 1428 3956 his
1448 3907 1507 3957 GH.
1528 3902 1541 3973 ll
1565 3904 1647 3969 7qui
1664 3920 1681 3952 a

535 3992 606 4041 loa:
626 4006 681 4055 qna
700 3990 759 4041 GH.
781 3987 793 4055 ΙΙ
814 3988 1027 4054 postulabuntur
1044 3990 1116 4041 Jocz
1134 3990 1269 4040 -bantur
1288 3992 1346 4045 GH.
1364 3987 1377 4057 ll
1390 4006 1425 4040 ea
1436 4006 1508 4055 eque
1523 3989 1552 4046 G,
1573 4003 1680 4053 eaeque

536 4075 567 4122 H
593 4074 712 4139 (haeque
728 4072 804 4137 Hc).
833 4068 846 4139 ΙΙ
878 4072 1048 4136 conpactiles
1077 4079 1215 4138 ponantur
1241 4080 1271 4124 ut
1299 4090 1360 4125 eam
1389 4075 1442 4123 GH
1467 4073 1681 4139 (autographam

533 4160 672 4222 scriptoria
690 4161 726 4208 ad
740 4176 763 4207 v.
783 4160 799 4205 6
816 4158 977 4220 respicientis
994 4158 1044 4205 del.
1063 4157 1229 4221 Loreatzen).
1252 4155 1264 4223 ll
1293 4161 1325 4208 10
1336 4158 1481 4208 securiclis
1500 4157 1554 4207 GH
1574 4157 1619 4220 (L,
1639 4170 1681 4205 se-

536 4241 637 4291 curidis
659 4242 702 4302 lc).
728 4237 740 4307 ll
767 4244 937 4305 conpactura
1017 4240 1153 4293 habeant:
1179 4245 1218 4291 sic
1242 4242 1299 4292 GH.
1320 4238 1384 4309 1115
1407 4242 1543 4292 frontibus
1568 4241 1590 4290 G
1612 4239 1679 4303 (h²):

534 4325 678 4387 prontibus
695 4326 728 4373 H
744 4324 821 4389 (Llc).
842 4321 854 4390 [l
873 4323 993 4389 figantur
1013 4324 1046 4373 G:
1065 4323 1183 4374 ficantur
1200 4326 1232 4374 H
1248 4325 1325 4388 (Llc).
1347 4322 1359 4392 ll
1379 4341 1414 4374 ea
1433 4324 1538 4391 (tymp.)
1557 4325 1632 4375 Joc.:
1651 4327 1682 4373 id

537 4408 594 4459 GH.
617 4407 629 4474 ll
649 4412 680 4460 16
698 4414 837 4459 structura
855 4423 904 4457 sen
922 4407 968 4459 de:
987 4408 1026 4457 sic
1045 4407 1102 4457 GH.
1127 4405 1139 4474 ΙΙ
1165 4412 1196 4459 17
1215 4410 1242 4458 id
1261 4408 1348 4474 (fast)
1372 4410 1444 4460 loe:
1469 4410 1517 4461 eni
1541 4409 1562 4460 G
1586 4407 1634 4472 (60
1652 4411 1680 4458 in

534 4505 613 4553 raarp.
632 4492 644 4539 ῑ
662 4492 693 4541 at
710 4492 766 4556 esi),
785 4508 846 4542 eum
863 4494 895 4542 H
902 4491 980 4557 (Llc).
1000 4488 1013 4557 ll
1035 4495 1066 4542 19
1078 4498 1254 4558 monopteroe
1274 4491 1328 4541 GH
1343 4488 1371 4555 (Ι,
1385 4508 1466 4559 -roe
1477 4493 1511 4553 L,
1526 4509 1591 4544 -ro
1601 4492 1667 4557 et).;

534 4572 567 4619 20
585 4574 741 4637 peripteroe
761 4576 814 4625 GH
829 4578 857 4637 (l,
869 4592 950 4641 -roe
968 4576 1000 4633 L,
1019 4591 1082 4625 -ro
1102 4576 1244 4625 edicuntur
1261 4575 1312 4637 ct).
1328 4570 1340 4640 ll
1358 4577 1390 4624 21
1403 4575 1521 4627 habent:
1538 4580 1579 4627 ric
1592 4577 1652 4628 GH.
1665 4579 1677 4640 [l

533 4654 566 4699 ⁴22
584 4668 635 4703 sua
653 4656 685 4704 H
700 4657 782 4718 (Llc):
801 4673 851 4707 suo
871 4660 900 4709 G.
919 4655 932 4722 ΙΙ
953 4658 1108 4721 stylobatas
1126 4659 1205 4709 Pars:
1225 4662 1288 4708 —ta
1307 4659 1362 4709 GH
1376 4660 1450 4725 (-to
1460 4658 1528 4723 Llc).
1546 4656 1561 4726 ll
1582 4661 1617 4710 25
1631 4661 1679 4709 de-

535 4745 628 4784 cumae
647 4738 679 4784 H
695 4736 777 4800 (Llclt
797 4735 902 4803 decime
922 4740 951 4788 G.
970 4737 983 4802 ll
1006 4743 1039 4789 26
1058 4740 1193 4803 zophorus
1210 4742 1280 4793 loc:
1299 4758 1394 4791 -mm
1413 4743 1472 4794 GH.
