<?xml version="1.0" encoding="UTF-8"?>
<!DOCTYPE html PUBLIC "-//W3C//DTD XHTML 1.0 Transitional//EN"
    "http://www.w3.org/TR/xhtml1/DTD/xhtml1-transitional.dtd">
<html xmlns="http://www.w3.org/1999/xhtml" xml:lang="en" lang="en">
 <head>
  <title>
</title>
<meta http-equiv="Content-Type" content="text/html;charset=utf-8" />
  <meta name='ocr-system' content='tesseract 3.04.00' />
  <meta name='ocr-capabilities' content='ocr_page ocr_carea ocr_par ocr_line ocrx_word'/>
</head>
<body>
  <div class='ocr_page' id='page_1' title='image "./vitruviidearchi00strgoog_0098.png"; bbox 0 0 3984 5825; ppageno 0'>
   <div class='ocr_carea' id='block_1_1' title="bbox 613 648 1469 729">
    <p class='ocr_par' dir='ltr' id='par_1_1' title="bbox 613 648 1469 729">
     <span class='ocr_line' id='line_1_1' title="bbox 613 648 1469 729; baseline 0.004 -3"><span class='ocrx_word' id='word_1_1' title='bbox 613 648 618 653; x_wconf 69' lang='grc'><strong>’</strong></span> <span class='ocrx_word' id='word_1_2' title='bbox 648 673 695 726; x_wconf 84' lang='lat' dir='ltr'>ns</span> <span class='ocrx_word' id='word_1_3' title='bbox 718 674 985 727; x_wconf 76' lang='lat' dir='ltr'>nncnrrscrcns</span> <span class='ocrx_word' id='word_1_4' title='bbox 1007 648 1084 726; x_wconf 62' lang='lat' dir='ltr'>ara]</span> <span class='ocrx_word' id='word_1_5' title='bbox 1100 675 1151 726; x_wconf 89' lang='lat'>111.</span> <span class='ocrx_word' id='word_1_6' title='bbox 1409 659 1469 729; x_wconf 64' lang='lat' dir='ltr'>xll</span> 
     </span>
    </p>
   </div>
   <div class='ocr_carea' id='block_1_2' title="bbox 263 829 1522 3145">
    <p class='ocr_par' dir='ltr' id='par_1_2' title="bbox 263 829 1522 3145">
     <span class='ocr_line' id='line_1_2' title="bbox 328 829 1469 919; baseline -0.002 -23"><span class='ocrx_word' id='word_1_7' title='bbox 328 829 470 898; x_wconf 90' lang='lat' dir='ltr'>lobatam</span> <span class='ocrx_word' id='word_1_8' title='bbox 502 833 549 895; x_wconf 89' lang='lat' dir='ltr'>ita</span> <span class='ocrx_word' id='word_1_9' title='bbox 576 841 704 919; x_wconf 82' lang='lat' dir='ltr'>oportet</span> <span class='ocrx_word' id='word_1_10' title='bbox 731 832 906 918; x_wconf 80' lang='lat' dir='ltr'>exaequari</span> <span class='ocrx_word' id='word_1_11' title='bbox 931 832 981 896; x_wconf 89' lang='lat' dir='ltr'>uti</span> <span class='ocrx_word' id='word_1_12' title='bbox 1009 831 1128 896; x_wconf 89' lang='lat' dir='ltr'>habeat</span> <span class='ocrx_word' id='word_1_13' title='bbox 1155 853 1212 917; x_wconf 92' lang='lat' dir='ltr'>per</span> <span class='ocrx_word' id='word_1_14' title='bbox 1243 830 1387 894; x_wconf 90' lang='lat' dir='ltr'>medium</span> <span class='ocrx_word' id='word_1_15' title='bbox 1413 832 1469 894; x_wconf 88' lang='lat' dir='ltr'>ad-</span> 
     </span>
     <span class='ocr_line' id='line_1_3' title="bbox 328 919 1470 1020; baseline -0.002 -22"><span class='ocrx_word' id='word_1_16' title='bbox 328 919 499 1000; x_wconf 78' lang='lat' dir='ltr'>iectionem</span> <span class='ocrx_word' id='word_1_17' title='bbox 514 956 573 1020; x_wconf 90' lang='lat' dir='ltr'>per</span> <span class='ocrx_word' id='word_1_18' title='bbox 588 932 750 998; x_wconf 81' lang='lat' dir='ltr'><strong>scamillos</strong></span> <span class='ocrx_word' id='word_1_19' title='bbox 764 936 905 1019; x_wconf 82' lang='lat' dir='ltr'><strong>inpares.</strong></span> <span class='ocrx_word' id='word_1_20' title='bbox 935 934 1066 996; x_wconf 91' lang='lat' dir='ltr'>sienim</span> <span class='ocrx_word' id='word_1_21' title='bbox 1080 931 1123 997; x_wconf 91' lang='lat' dir='ltr'>ad</span> <span class='ocrx_word' id='word_1_22' title='bbox 1138 931 1280 996; x_wconf 83' lang='lat' dir='ltr'>libellam</span> <span class='ocrx_word' id='word_1_23' title='bbox 1300 932 1470 1016; x_wconf 86' lang='lat' dir='ltr'>dirigetur,</span> 
     </span>
     <span class='ocr_line' id='line_1_4' title="bbox 328 1032 1469 1122; baseline -0.003 -24"><span class='ocrx_word' id='word_1_24' title='bbox 328 1035 508 1101; x_wconf 89' lang='lat' dir='ltr'>alveolatus</span> <span class='ocrx_word' id='word_1_25' title='bbox 524 1035 617 1102; x_wconf 90' lang='lat' dir='ltr'>oculo</span> <span class='ocrx_word' id='word_1_26' title='bbox 632 1034 809 1122; x_wconf 80' lang='lat' dir='ltr'>videbitur.</span> <span class='ocrx_word' id='word_1_27' title='bbox 852 1034 914 1099; x_wconf 94' lang='lat' dir='ltr'>hoc</span> <span class='ocrx_word' id='word_1_28' title='bbox 928 1043 1035 1098; x_wconf 89' lang='lat' dir='ltr'>autem</span> <span class='ocrx_word' id='word_1_29' title='bbox 1057 1044 1094 1099; x_wconf 91' lang='lat' dir='ltr'>ut</span> <span class='ocrx_word' id='word_1_30' title='bbox 1115 1032 1253 1099; x_wconf 83' lang='lat' dir='ltr'>scamilli</span> <span class='ocrx_word' id='word_1_31' title='bbox 1274 1033 1317 1096; x_wconf 90' lang='lat' dir='ltr'>ad</span> <span class='ocrx_word' id='word_1_32' title='bbox 1339 1033 1374 1096; x_wconf 92' lang='lat' dir='ltr'>id</span> <span class='ocrx_word' id='word_1_33' title='bbox 1397 1055 1469 1098; x_wconf 87' lang='lat' dir='ltr'>eon-</span> 
     </span>
     <span class='ocr_line' id='line_1_5' title="bbox 328 1134 1471 1220; baseline -0.002 -19"><span class='ocrx_word' id='word_1_34' title='bbox 328 1140 496 1203; x_wconf 89' lang='lat' dir='ltr'>venientes</span> <span class='ocrx_word' id='word_1_35' title='bbox 512 1137 602 1220; x_wconf 89' lang='lat' dir='ltr'>fiant,</span> <span class='ocrx_word' id='word_1_36' title='bbox 624 1138 703 1201; x_wconf 90' lang='lat' dir='ltr'>item</span> <span class='ocrx_word' id='word_1_37' title='bbox 725 1138 760 1201; x_wconf 89' lang='lat' dir='ltr'>in</span> <span class='ocrx_word' id='word_1_38' title='bbox 782 1146 927 1201; x_wconf 84' lang='lat' dir='ltr'>extremo</span> <span class='ocrx_word' id='word_1_39' title='bbox 948 1135 1033 1201; x_wconf 91' lang='lat' dir='ltr'>libro</span> <span class='ocrx_word' id='word_1_40' title='bbox 1056 1136 1159 1200; x_wconf 84' lang='lat' dir='ltr'>forma</span> <span class='ocrx_word' id='word_1_41' title='bbox 1182 1146 1214 1201; x_wconf 89' lang='lat' dir='ltr'>et</span> <span class='ocrx_word' id='word_1_42' title='bbox 1236 1134 1471 1216; x_wconf 77' lang='lat' dir='ltr'>demonstratio</span> 
     </span>
     <span class='ocr_line' id='line_1_6' title="bbox 328 1239 1505 1325; baseline -0.003 -21"><span class='ocrx_word' id='word_1_43' title='bbox 328 1241 390 1304; x_wconf 91' lang='lat' dir='ltr'>erit</span> <span class='ocrx_word' id='word_1_44' title='bbox 412 1239 587 1325; x_wconf 91' lang='lat' dir='ltr'>descripta.</span> <span class='ocrx_word' id='word_1_45' title='bbox 1489 1252 1505 1300; x_wconf 84' lang='lat'>5</span> 
     </span>
     <span class='ocr_line' id='line_1_7' title="bbox 263 1336 1470 1427; baseline 0.001 -27"><span class='ocrx_word' id='word_1_46' title='bbox 263 1355 308 1416; x_wconf 80' lang='lat' dir='ltr'>(v)</span> <span class='ocrx_word' id='word_1_47' title='bbox 413 1340 476 1405; x_wconf 92' lang='lat' dir='ltr'>His</span> <span class='ocrx_word' id='word_1_48' title='bbox 503 1339 656 1427; x_wconf 80' lang='lat' dir='ltr'>perfectis</span> <span class='ocrx_word' id='word_1_49' title='bbox 677 1342 713 1403; x_wconf 95' lang='lat' dir='ltr'>in</span> <span class='ocrx_word' id='word_1_50' title='bbox 734 1341 801 1404; x_wconf 89' lang='lat' dir='ltr'>suis</span> <span class='ocrx_word' id='word_1_51' title='bbox 823 1338 904 1405; x_wconf 92' lang='lat' dir='ltr'>locis</span> <span class='ocrx_word' id='word_1_52' title='bbox 927 1341 1034 1426; x_wconf 81' lang='lat' dir='ltr'>spirae</span> <span class='ocrx_word' id='word_1_53' title='bbox 1056 1336 1265 1403; x_wconf 83' lang='lat' dir='ltr'>conlocentur</span> <span class='ocrx_word' id='word_1_54' title='bbox 1286 1359 1406 1424; x_wconf 91' lang='lat' dir='ltr'>eaeque</span> <span class='ocrx_word' id='word_1_55' title='bbox 1427 1337 1470 1401; x_wconf 90' lang='lat' dir='ltr'>ad</span> 
     </span>
     <span class='ocr_line' id='line_1_8' title="bbox 328 1438 1470 1529; baseline -0.004 -23"><span class='ocrx_word' id='word_1_56' title='bbox 328 1443 551 1529; x_wconf 83' lang='lat' dir='ltr'>symmetriam</span> <span class='ocrx_word' id='word_1_57' title='bbox 580 1443 627 1506; x_wconf 91' lang='lat' dir='ltr'>sic</span> <span class='ocrx_word' id='word_1_58' title='bbox 655 1441 866 1528; x_wconf 88' lang='lat' dir='ltr'>perficiantur</span> <span class='ocrx_word' id='word_1_59' title='bbox 891 1441 941 1505; x_wconf 89' lang='lat' dir='ltr'>uti</span> <span class='ocrx_word' id='word_1_60' title='bbox 969 1441 1150 1505; x_wconf 81' lang='lat' dir='ltr'>crassitudo</span> <span class='ocrx_word' id='word_1_61' title='bbox 1178 1462 1251 1504; x_wconf 91' lang='lat' dir='ltr'>cum</span> <span class='ocrx_word' id='word_1_62' title='bbox 1277 1438 1404 1527; x_wconf 90' lang='lat' dir='ltr'>plintho</span> <span class='ocrx_word' id='word_1_63' title='bbox 1427 1441 1470 1502; x_wconf 90' lang='lat' dir='ltr'>sit</span> 
     </span>
     <span class='ocr_line' id='line_1_9' title="bbox 328 1537 1519 1628; baseline -0.003 -23"><span class='ocrx_word' id='word_1_64' title='bbox 328 1542 495 1607; x_wconf 91' lang='lat' dir='ltr'>columnae</span> <span class='ocrx_word' id='word_1_65' title='bbox 532 1566 574 1607; x_wconf 86' lang='lat' dir='ltr'>ex</span> <span class='ocrx_word' id='word_1_66' title='bbox 610 1542 747 1607; x_wconf 89' lang='lat' dir='ltr'>dimidia</span> <span class='ocrx_word' id='word_1_67' title='bbox 784 1542 1001 1606; x_wconf 85' lang='lat' dir='ltr'>crassitudine</span> <span class='ocrx_word' id='word_1_68' title='bbox 1037 1544 1336 1628; x_wconf 90' lang='lat' dir='ltr'>proiecturamque,</span> <span class='ocrx_word' id='word_1_69' title='bbox 1375 1561 1471 1624; x_wconf 92' lang='lat' dir='ltr'>quam</span> <span class='ocrx_word' id='word_1_70' title='bbox 1514 1537 1519 1544; x_wconf 81' lang='lat'>&#39;</span> 
     </span>
     <span class='ocr_line' id='line_1_10' title="bbox 329 1640 1471 1730; baseline -0.004 -23"><span class='ocrx_word' id='word_1_71' title='bbox 329 1643 448 1708; x_wconf 80' lang='lat' dir='ltr'>Graeci</span> <span class='ocrx_word' id='word_1_72' title='bbox 468 1645 817 1730; x_wconf 74' lang='lat' dir='ltr'>eapopuv&#39;vocitant,</span> <span class='ocrx_word' id='word_1_73' title='bbox 847 1643 989 1707; x_wconf 88' lang='lat' dir='ltr'>habeant</span> <span class='ocrx_word' id='word_1_74' title='bbox 1018 1651 1184 1706; x_wconf 83' lang='lat' dir='ltr'>extantem</span> <span class='ocrx_word' id='word_1_75' title='bbox 1210 1643 1258 1705; x_wconf 90' lang='lat' dir='ltr'>ita</span> <span class='ocrx_word' id='word_1_76' title='bbox 1279 1645 1329 1714; x_wconf 84' lang='lat' dir='ltr'>uti</span> <span class='ocrx_word' id='word_1_77' title='bbox 1350 1640 1417 1704; x_wconf 89' lang='lat' dir='ltr'>lata</span> <span class='ocrx_word' id='word_1_78' title='bbox 1439 1649 1471 1703; x_wconf 89' lang='lat' dir='ltr'>et</span> 
     </span>
     <span class='ocr_line' id='line_1_11' title="bbox 294 1739 1522 1829; baseline 0.001 -22"><span class='ocrx_word' id='word_1_79' title='bbox 294 1744 425 1829; x_wconf 75' lang='lat' dir='ltr'>alonge</span> <span class='ocrx_word' id='word_1_80' title='bbox 446 1747 489 1809; x_wconf 93' lang='lat' dir='ltr'>sit</span> <span class='ocrx_word' id='word_1_81' title='bbox 511 1744 677 1809; x_wconf 87' lang='lat' dir='ltr'>columnae</span> <span class='ocrx_word' id='word_1_82' title='bbox 700 1743 928 1808; x_wconf 89' lang='lat' dir='ltr'>crassitudinis</span> <span class='ocrx_word' id='word_1_83' title='bbox 949 1744 1045 1808; x_wconf 91' lang='lat' dir='ltr'>unius</span> <span class='ocrx_word' id='word_1_84' title='bbox 1068 1753 1100 1806; x_wconf 91' lang='lat' dir='ltr'>et</span> <span class='ocrx_word' id='word_1_85' title='bbox 1122 1742 1289 1806; x_wconf 88' lang='lat' dir='ltr'>dimidiae.</span> <span class='ocrx_word' id='word_1_86' title='bbox 1331 1739 1470 1806; x_wconf 89' lang='lat' dir='ltr'>altitudo</span> <span class='ocrx_word' id='word_1_87' title='bbox 1490 1762 1522 1810; x_wconf 91' lang='lat'>10</span> 
     </span>
     <span class='ocr_line' id='line_1_12' title="bbox 329 1843 1471 1930; baseline -0.004 -22"><span class='ocrx_word' id='word_1_88' title='bbox 329 1847 398 1909; x_wconf 89' lang='lat' dir='ltr'>eius</span> <span class='ocrx_word' id='word_1_89' title='bbox 427 1847 456 1909; x_wconf 94' lang='lat' dir='ltr'>si</span> <span class='ocrx_word' id='word_1_90' title='bbox 476 1847 655 1930; x_wconf 84' lang='lat' dir='ltr'>atticurges</span> <span class='ocrx_word' id='word_1_91' title='bbox 679 1847 757 1928; x_wconf 89' lang='lat' dir='ltr'>erit,</span> <span class='ocrx_word' id='word_1_92' title='bbox 784 1847 831 1908; x_wconf 88' lang='lat' dir='ltr'>ita</span> <span class='ocrx_word' id='word_1_93' title='bbox 860 1843 1029 1908; x_wconf 88' lang='lat' dir='ltr'>dividatur</span> <span class='ocrx_word' id='word_1_94' title='bbox 1050 1854 1086 1907; x_wconf 92' lang='lat' dir='ltr'>ut</span> <span class='ocrx_word' id='word_1_95' title='bbox 1108 1845 1255 1930; x_wconf 86' lang='lat' dir='ltr'>superior</span> <span class='ocrx_word' id='word_1_96' title='bbox 1277 1865 1352 1929; x_wconf 90' lang='lat' dir='ltr'>pars</span> <span class='ocrx_word' id='word_1_97' title='bbox 1374 1843 1471 1906; x_wconf 89' lang='lat' dir='ltr'>tertia</span> 
     </span>
     <span class='ocr_line' id='line_1_13' title="bbox 328 1933 1470 2034; baseline -0.004 -24"><span class='ocrx_word' id='word_1_98' title='bbox 328 1956 419 2034; x_wconf 88' lang='lat' dir='ltr'>parte</span> <span class='ocrx_word' id='word_1_99' title='bbox 434 1948 477 2012; x_wconf 90' lang='lat' dir='ltr'>sit</span> <span class='ocrx_word' id='word_1_100' title='bbox 490 1944 719 2023; x_wconf 89' lang='lat' dir='ltr'>crassitudinis</span> <span class='ocrx_word' id='word_1_101' title='bbox 742 1945 920 2028; x_wconf 86' lang='lat' dir='ltr'>columnae,</span> <span class='ocrx_word' id='word_1_102' title='bbox 941 1933 1103 2032; x_wconf 86' lang='lat' dir='ltr'>reliquum</span> <span class='ocrx_word' id='word_1_103' title='bbox 1118 1944 1244 2032; x_wconf 90' lang='lat' dir='ltr'>plintho</span> <span class='ocrx_word' id='word_1_104' title='bbox 1258 1943 1470 2030; x_wconf 90' lang='lat' dir='ltr'>relinquatur.</span> 
     </span>
     <span class='ocr_line' id='line_1_14' title="bbox 327 2044 1470 2135; baseline -0.002 -24"><span class='ocrx_word' id='word_1_105' title='bbox 327 2047 459 2135; x_wconf 90' lang='lat' dir='ltr'>dempta</span> <span class='ocrx_word' id='word_1_106' title='bbox 487 2047 614 2134; x_wconf 87' lang='lat' dir='ltr'>plintho</span> <span class='ocrx_word' id='word_1_107' title='bbox 643 2045 804 2133; x_wconf 89' lang='lat' dir='ltr'>reliquum</span> <span class='ocrx_word' id='word_1_108' title='bbox 833 2046 1001 2110; x_wconf 87' lang='lat' dir='ltr'>dividatur</span> <span class='ocrx_word' id='word_1_109' title='bbox 1028 2049 1062 2111; x_wconf 93' lang='lat' dir='ltr'>in</span> <span class='ocrx_word' id='word_1_110' title='bbox 1089 2056 1198 2133; x_wconf 88' lang='lat' dir='ltr'>partes</span> <span class='ocrx_word' id='word_1_111' title='bbox 1226 2056 1378 2131; x_wconf 92' lang='lat' dir='ltr'>quattuor</span> <span class='ocrx_word' id='word_1_112' title='bbox 1399 2044 1470 2109; x_wconf 89' lang='lat' dir='ltr'>fiat-</span> 
     </span>
     <span class='ocr_line' id='line_1_15' title="bbox 327 2146 1469 2236; baseline -0.003 -24"><span class='ocrx_word' id='word_1_113' title='bbox 327 2171 389 2235; x_wconf 91' lang='lat' dir='ltr'>que</span> <span class='ocrx_word' id='word_1_114' title='bbox 412 2151 559 2236; x_wconf 90' lang='lat' dir='ltr'>superior</span> <span class='ocrx_word' id='word_1_115' title='bbox 581 2158 671 2214; x_wconf 90' lang='lat' dir='ltr'>torus</span> <span class='ocrx_word' id='word_1_116' title='bbox 694 2157 838 2235; x_wconf 84' lang='lat' dir='ltr'>quartae,</span> <span class='ocrx_word' id='word_1_117' title='bbox 862 2147 1008 2234; x_wconf 90' lang='lat' dir='ltr'>reliquae</span> <span class='ocrx_word' id='word_1_118' title='bbox 1029 2159 1096 2212; x_wconf 90' lang='lat' dir='ltr'>tres</span> <span class='ocrx_word' id='word_1_119' title='bbox 1118 2146 1297 2234; x_wconf 90' lang='lat' dir='ltr'>aequaliter</span> <span class='ocrx_word' id='word_1_120' title='bbox 1319 2147 1469 2210; x_wconf 88' lang='lat' dir='ltr'>dividan-</span> 
     </span>
     <span class='ocr_line' id='line_1_16' title="bbox 326 2248 1520 2336; baseline 0.003 -24"><span class='ocrx_word' id='word_1_121' title='bbox 326 2260 380 2313; x_wconf 89' lang='lat' dir='ltr'>tur</span> <span class='ocrx_word' id='word_1_122' title='bbox 407 2260 439 2313; x_wconf 93' lang='lat' dir='ltr'>et</span> <span class='ocrx_word' id='word_1_123' title='bbox 466 2273 532 2314; x_wconf 89' lang='lat' dir='ltr'>una</span> <span class='ocrx_word' id='word_1_124' title='bbox 558 2253 602 2314; x_wconf 91' lang='lat' dir='ltr'>sit</span> <span class='ocrx_word' id='word_1_125' title='bbox 624 2250 758 2314; x_wconf 90' lang='lat' dir='ltr'>inferior</span> <span class='ocrx_word' id='word_1_126' title='bbox 789 2259 895 2332; x_wconf 90' lang='lat' dir='ltr'>torus,</span> <span class='ocrx_word' id='word_1_127' title='bbox 924 2249 1028 2314; x_wconf 90' lang='lat' dir='ltr'>altera</span> <span class='ocrx_word' id='word_1_128' title='bbox 1054 2273 1129 2336; x_wconf 89' lang='lat' dir='ltr'>pars</span> <span class='ocrx_word' id='word_1_129' title='bbox 1153 2272 1227 2313; x_wconf 90' lang='lat' dir='ltr'>cum</span> <span class='ocrx_word' id='word_1_130' title='bbox 1247 2250 1314 2312; x_wconf 90' lang='lat' dir='ltr'>suis</span> <span class='ocrx_word' id='word_1_131' title='bbox 1335 2248 1468 2334; x_wconf 89' lang='lat' dir='ltr'>quadris</span> <span class='ocrx_word' id='word_1_132' title='bbox 1491 2271 1520 2316; x_wconf 80' lang='lat' dir='ltr'>to</span> 
     </span>
     <span class='ocr_line' id='line_1_17' title="bbox 295 2350 1469 2437; baseline -0.003 -21"><span class='ocrx_word' id='word_1_133' title='bbox 295 2352 445 2433; x_wconf 82' lang='lat' dir='ltr'>ascotia,</span> <span class='ocrx_word' id='word_1_134' title='bbox 479 2373 576 2437; x_wconf 91' lang='lat' dir='ltr'>quam</span> <span class='ocrx_word' id='word_1_135' title='bbox 610 2350 728 2415; x_wconf 82' lang='lat' dir='ltr'>Graeci</span> <span class='ocrx_word' id='word_1_136' title='bbox 755 2354 912 2435; x_wconf 80' lang='grc' dir='ltr'><strong><em>τροχιλον</em></strong></span> <span class='ocrx_word' id='word_1_137' title='bbox 945 2352 1069 2416; x_wconf 88' lang='lat' dir='ltr'>dicunt.</span> <span class='ocrx_word' id='word_1_138' title='bbox 1124 2353 1175 2416; x_wconf 91' lang='lat' dir='ltr'>sin</span> <span class='ocrx_word' id='word_1_139' title='bbox 1207 2360 1316 2414; x_wconf 88' lang='lat' dir='ltr'>autem</span> <span class='ocrx_word' id='word_1_140' title='bbox 1343 2351 1469 2414; x_wconf 91' lang='lat' dir='ltr'>ionicae</span> 
     </span>
     <span class='ocr_line' id='line_1_18' title="bbox 330 2451 1468 2538; baseline 0.001 -26"><span class='ocrx_word' id='word_1_141' title='bbox 330 2460 424 2514; x_wconf 87' lang='lat' dir='ltr'>erunt</span> <span class='ocrx_word' id='word_1_142' title='bbox 450 2451 634 2532; x_wconf 87' lang='lat' dir='ltr'>faciendae,</span> <span class='ocrx_word' id='word_1_143' title='bbox 665 2453 872 2538; x_wconf 87' lang='lat' dir='ltr'>symmetriae</span> <span class='ocrx_word' id='word_1_144' title='bbox 899 2475 1009 2516; x_wconf 90' lang='lat' dir='ltr'>earum</span> <span class='ocrx_word' id='word_1_145' title='bbox 1036 2456 1084 2517; x_wconf 89' lang='lat' dir='ltr'>sic</span> <span class='ocrx_word' id='word_1_146' title='bbox 1106 2463 1201 2517; x_wconf 90' lang='lat' dir='ltr'>erunt</span> <span class='ocrx_word' id='word_1_147' title='bbox 1223 2451 1468 2516; x_wconf 87' lang='lat' dir='ltr'>constituendae</span> 
     </span>
     <span class='ocr_line' id='line_1_19' title="bbox 329 2549 1468 2638; baseline 0.003 -26"><span class='ocrx_word' id='word_1_148' title='bbox 329 2551 378 2613; x_wconf 93' lang='lat' dir='ltr'>uti</span> <span class='ocrx_word' id='word_1_149' title='bbox 406 2549 542 2614; x_wconf 89' lang='lat' dir='ltr'>latitudo</span> <span class='ocrx_word' id='word_1_150' title='bbox 571 2552 677 2636; x_wconf 89' lang='lat' dir='ltr'>spirae</span> <span class='ocrx_word' id='word_1_151' title='bbox 705 2575 966 2638; x_wconf 88' lang='lat' dir='ltr'>quoqueversus</span> <span class='ocrx_word' id='word_1_152' title='bbox 989 2555 1032 2619; x_wconf 90' lang='lat' dir='ltr'>sit</span> <span class='ocrx_word' id='word_1_153' title='bbox 1054 2552 1221 2619; x_wconf 89' lang='lat' dir='ltr'>columnae</span> <span class='ocrx_word' id='word_1_154' title='bbox 1243 2552 1468 2617; x_wconf 89' lang='lat' dir='ltr'>crassitudinis</span> 
     </span>
     <span class='ocr_line' id='line_1_20' title="bbox 329 2650 1467 2737; baseline 0.003 -24"><span class='ocrx_word' id='word_1_155' title='bbox 329 2650 459 2715; x_wconf 89' lang='lat' dir='ltr'>adiecta</span> <span class='ocrx_word' id='word_1_156' title='bbox 486 2651 701 2715; x_wconf 89' lang='lat' dir='ltr'>crassitudine</span> <span class='ocrx_word' id='word_1_157' title='bbox 728 2663 843 2737; x_wconf 86' lang='lat' dir='ltr'>quarta</span> <span class='ocrx_word' id='word_1_158' title='bbox 870 2664 901 2717; x_wconf 93' lang='lat' dir='ltr'>et</span> <span class='ocrx_word' id='word_1_159' title='bbox 923 2664 1050 2718; x_wconf 89' lang='lat' dir='ltr'>octava.</span> <span class='ocrx_word' id='word_1_160' title='bbox 1093 2654 1233 2719; x_wconf 87' lang='lat' dir='ltr'>altitudo</span> <span class='ocrx_word' id='word_1_161' title='bbox 1255 2657 1302 2718; x_wconf 89' lang='lat' dir='ltr'>ita</span> <span class='ocrx_word' id='word_1_162' title='bbox 1322 2655 1372 2717; x_wconf 92' lang='lat' dir='ltr'>uti</span> <span class='ocrx_word' id='word_1_163' title='bbox 1393 2655 1467 2716; x_wconf 87' lang='lat' dir='ltr'>atti-</span> 
     </span>
     <span class='ocr_line' id='line_1_21' title="bbox 329 2740 1519 2841; baseline 0.003 -27"><span class='ocrx_word' id='word_1_164' title='bbox 329 2740 455 2835; x_wconf 81' lang='lat' dir='ltr'>curges</span> <span class='ocrx_word' id='word_1_165' title='bbox 499 2753 546 2816; x_wconf 90' lang='lat' dir='ltr'>ita</span> <span class='ocrx_word' id='word_1_166' title='bbox 562 2761 594 2815; x_wconf 89' lang='lat' dir='ltr'>et</span> <span class='ocrx_word' id='word_1_167' title='bbox 616 2753 686 2816; x_wconf 90' lang='lat' dir='ltr'>eius</span> <span class='ocrx_word' id='word_1_168' title='bbox 710 2752 864 2837; x_wconf 91' lang='lat' dir='ltr'>plinthos.</span> <span class='ocrx_word' id='word_1_169' title='bbox 907 2753 1130 2841; x_wconf 89' lang='lat' dir='ltr'>reliquumque</span> <span class='ocrx_word' id='word_1_170' title='bbox 1143 2765 1274 2841; x_wconf 76' lang='lat' dir='ltr'>‘praeter</span> <span class='ocrx_word' id='word_1_171' title='bbox 1296 2753 1467 2841; x_wconf 88' lang='lat' dir='ltr'>plinthum,</span> <span class='ocrx_word' id='word_1_172' title='bbox 1487 2777 1519 2825; x_wconf 75' lang='lat'>20</span> 
     </span>
     <span class='ocr_line' id='line_1_22' title="bbox 328 2853 1469 2939; baseline 0.003 -23"><span class='ocrx_word' id='word_1_173' title='bbox 328 2853 415 2939; x_wconf 90' lang='lat' dir='ltr'>quod</span> <span class='ocrx_word' id='word_1_174' title='bbox 438 2853 511 2917; x_wconf 85' lang='lat' dir='ltr'>¹erit</span> <span class='ocrx_word' id='word_1_175' title='bbox 540 2855 637 2919; x_wconf 90' lang='lat' dir='ltr'>tertia</span> <span class='ocrx_word' id='word_1_176' title='bbox 664 2875 739 2939; x_wconf 89' lang='lat' dir='ltr'>pars</span> <span class='ocrx_word' id='word_1_177' title='bbox 768 2854 994 2919; x_wconf 90' lang='lat' dir='ltr'>crassitudinis</span> <span class='ocrx_word' id='word_1_178' title='bbox 1023 2855 1205 2938; x_wconf 86' lang='lat' dir='ltr'>columnae,</span> <span class='ocrx_word' id='word_1_179' title='bbox 1240 2854 1408 2919; x_wconf 86' lang='lat' dir='ltr'>dividatur</span> <span class='ocrx_word' id='word_1_180' title='bbox 1435 2857 1469 2920; x_wconf 93' lang='lat' dir='ltr'>in</span> 
     </span>
     <span class='ocr_line' id='line_1_23' title="bbox 327 2955 1469 3043; baseline 0.002 -25"><span class='ocrx_word' id='word_1_181' title='bbox 327 2964 436 3042; x_wconf 88' lang='lat' dir='ltr'>partes</span> <span class='ocrx_word' id='word_1_182' title='bbox 459 2959 601 3042; x_wconf 82' lang='lat' dir='ltr'>septem,</span> <span class='ocrx_word' id='word_1_183' title='bbox 630 2955 708 3019; x_wconf 91' lang='lat' dir='ltr'>inde</span> <span class='ocrx_word' id='word_1_184' title='bbox 729 2956 830 3019; x_wconf 90' lang='lat' dir='ltr'>trium</span> <span class='ocrx_word' id='word_1_185' title='bbox 852 2957 992 3041; x_wconf 90' lang='lat' dir='ltr'>partium</span> <span class='ocrx_word' id='word_1_186' title='bbox 1015 2966 1103 3020; x_wconf 91' lang='lat' dir='ltr'>torus</span> <span class='ocrx_word' id='word_1_187' title='bbox 1127 2959 1184 3043; x_wconf 90' lang='lat' dir='ltr'>qui</span> <span class='ocrx_word' id='word_1_188' title='bbox 1206 2959 1312 3021; x_wconf 90' lang='lat' dir='ltr'>estin</span> <span class='ocrx_word' id='word_1_189' title='bbox 1334 2979 1469 3038; x_wconf 91' lang='lat' dir='ltr'>summo,</span> 
     </span>
     <span class='ocr_line' id='line_1_24' title="bbox 327 3036 1470 3145; baseline 0.001 -27"><span class='ocrx_word' id='word_1_190' title='bbox 327 3056 472 3143; x_wconf 90' lang='lat' dir='ltr'>reliquae</span> <span class='ocrx_word' id='word_1_191' title='bbox 499 3036 652 3142; x_wconf 71' lang='lat' dir='ltr'>quattuor</span> <span class='ocrx_word' id='word_1_192' title='bbox 678 3066 787 3142; x_wconf 90' lang='lat' dir='ltr'>partes</span> <span class='ocrx_word' id='word_1_193' title='bbox 816 3055 1015 3121; x_wconf 91' lang='lat' dir='ltr'>dividendae</span> <span class='ocrx_word' id='word_1_194' title='bbox 1043 3069 1119 3122; x_wconf 91' lang='lat' dir='ltr'>sunt</span> <span class='ocrx_word' id='word_1_195' title='bbox 1145 3057 1325 3145; x_wconf 81' lang='lat' dir='ltr'>aequaliter</span> <span class='ocrx_word' id='word_1_196' title='bbox 1352 3067 1385 3121; x_wconf 90' lang='lat' dir='ltr'>et</span> <span class='ocrx_word' id='word_1_197' title='bbox 1406 3079 1470 3120; x_wconf 90' lang='lat' dir='ltr'>una</span> 
     </span>
    </p>
   </div>
   <div class='ocr_carea' id='block_1_3' title="bbox 325 3255 1470 4783">
    <p class='ocr_par' dir='ltr' id='par_1_3' title="bbox 325 3255 1470 4783">
     <span class='ocr_line' id='line_1_25' title="bbox 395 3255 1470 3349; baseline 0.004 -20"><span class='ocrx_word' id='word_1_198' title='bbox 395 3283 408 3329; x_wconf 92' lang='lat'>1</span> <span class='ocrx_word' id='word_1_199' title='bbox 428 3281 467 3330; x_wconf 88' lang='lat' dir='ltr'>ita</span> <span class='ocrx_word' id='word_1_200' title='bbox 486 3281 516 3329; x_wconf 91' lang='lat' dir='ltr'><em>H</em></span> <span class='ocrx_word' id='word_1_201' title='bbox 532 3278 615 3344; x_wconf 87' lang='lat' dir='ltr'>(Llc):</span> <span class='ocrx_word' id='word_1_202' title='bbox 635 3296 680 3332; x_wconf 84' lang='lat' dir='ltr'>om.</span> <span class='ocrx_word' id='word_1_203' title='bbox 701 3279 730 3329; x_wconf 82' lang='lat' dir='ltr'>G.</span> <span class='ocrx_word' id='word_1_204' title='bbox 755 3278 767 3346; x_wconf 73' lang='lat' dir='ltr'>{l</span> <span class='ocrx_word' id='word_1_205' title='bbox 790 3296 838 3345; x_wconf 86' lang='lat' dir='ltr'>per</span> <span class='ocrx_word' id='word_1_206' title='bbox 855 3280 973 3332; x_wconf 89' lang='lat' dir='ltr'>medium</span> <span class='ocrx_word' id='word_1_207' title='bbox 992 3283 1044 3332; x_wconf 84' lang='lat' dir='ltr'>GH</span> <span class='ocrx_word' id='word_1_208' title='bbox 1065 3282 1108 3345; x_wconf 92' lang='lat' dir='ltr'>(L,</span> <span class='ocrx_word' id='word_1_209' title='bbox 1126 3284 1229 3348; x_wconf 82' lang='lat' dir='ltr'>ppedn‘s</span> <span class='ocrx_word' id='word_1_210' title='bbox 1246 3284 1297 3341; x_wconf 77' lang='lat' dir='ltr'>let,</span> <span class='ocrx_word' id='word_1_211' title='bbox 1320 3255 1422 3349; x_wconf 56' lang='lat' dir='ltr'>ppddui</span> <span class='ocrx_word' id='word_1_212' title='bbox 1440 3283 1470 3333; x_wconf 67' lang='lat' dir='ltr'>pc</span> 
     </span>
     <span class='ocr_line' id='line_1_26' title="bbox 329 3360 1466 3433; baseline 0.006 -19"><span class='ocrx_word' id='word_1_213' title='bbox 329 3362 498 3430; x_wconf 87' lang='lat' dir='ltr'>[perpedium</span> <span class='ocrx_word' id='word_1_214' title='bbox 516 3361 566 3429; x_wconf 69' lang='lat' dir='ltr'>vll.</span> <span class='ocrx_word' id='word_1_215' title='bbox 588 3360 602 3431; x_wconf 83' lang='lat' dir='ltr'>[l</span> <span class='ocrx_word' id='word_1_216' title='bbox 623 3367 639 3413; x_wconf 80' lang='grc'>2</span> <span class='ocrx_word' id='word_1_217' title='bbox 658 3363 799 3415; x_wconf 85' lang='lat' dir='ltr'>scamillos</span> <span class='ocrx_word' id='word_1_218' title='bbox 817 3364 971 3428; x_wconf 86' lang='lat' dir='ltr'>(scanullos</span> <span class='ocrx_word' id='word_1_219' title='bbox 989 3373 1049 3417; x_wconf 80' lang='lat' dir='ltr'>ante</span> <span class='ocrx_word' id='word_1_220' title='bbox 1066 3383 1136 3417; x_wconf 83' lang='lat' dir='ltr'>corr.</span> <span class='ocrx_word' id='word_1_221' title='bbox 1157 3368 1188 3430; x_wconf 89' lang='grc' dir='ltr'><em>Ε)</em></span> <span class='ocrx_word' id='word_1_222' title='bbox 1209 3367 1263 3416; x_wconf 90' lang='grc' dir='ltr'><em>ΕΗ</em></span> <span class='ocrx_word' id='word_1_223' title='bbox 1277 3364 1320 3431; x_wconf 86' lang='lat' dir='ltr'>(L,</span> <span class='ocrx_word' id='word_1_224' title='bbox 1335 3369 1370 3432; x_wconf 77' lang='lat' dir='ltr'>cf.</span> <span class='ocrx_word' id='word_1_225' title='bbox 1387 3370 1466 3433; x_wconf 81' lang='lat' dir='ltr'>Apul.</span> 
     </span>
     <span class='ocr_line' id='line_1_27' title="bbox 328 3447 1467 3517; baseline 0.003 -18"><span class='ocrx_word' id='word_1_226' title='bbox 328 3465 370 3513; x_wconf 82' lang='lat' dir='ltr'>cp.</span> <span class='ocrx_word' id='word_1_227' title='bbox 390 3450 473 3498; x_wconf 80' lang='lat' dir='ltr'>Prisc.</span> <span class='ocrx_word' id='word_1_228' title='bbox 496 3448 561 3513; x_wconf 93' lang='lat' dir='ltr'>III,</span> <span class='ocrx_word' id='word_1_229' title='bbox 584 3451 600 3497; x_wconf 85' lang='lat'><strong><em>2</em></strong></span> <span class='ocrx_word' id='word_1_230' title='bbox 622 3448 672 3507; x_wconf 91' lang='lat' dir='ltr'>H.,</span> <span class='ocrx_word' id='word_1_231' title='bbox 696 3448 835 3499; x_wconf 87' lang='lat' dir='ltr'>scabellos</span> <span class='ocrx_word' id='word_1_232' title='bbox 858 3450 898 3499; x_wconf 79' lang='lat' dir='ltr'>let</span> <span class='ocrx_word' id='word_1_233' title='bbox 920 3447 995 3515; x_wconf 84' lang='lat' dir='ltr'>[os]).</span> <span class='ocrx_word' id='word_1_234' title='bbox 1023 3447 1036 3517; x_wconf 84' lang='grc' dir='ltr'>ΙΙ</span> <span class='ocrx_word' id='word_1_235' title='bbox 1064 3454 1080 3501; x_wconf 89' lang='grc'>3</span> <span class='ocrx_word' id='word_1_236' title='bbox 1103 3451 1259 3503; x_wconf 86' lang='lat' dir='ltr'>alveolatus</span> <span class='ocrx_word' id='word_1_237' title='bbox 1280 3453 1351 3503; x_wconf 84' lang='lat' dir='ltr'>Joc.:</span> <span class='ocrx_word' id='word_1_238' title='bbox 1377 3458 1467 3502; x_wconf 88' lang='lat' dir='ltr'>—tum</span> 
     </span>
     <span class='ocr_line' id='line_1_28' title="bbox 329 3529 1466 3603; baseline 0.005 -22"><span class='ocrx_word' id='word_1_239' title='bbox 329 3531 417 3598; x_wconf 68' lang='lat' dir='ltr'>l—tir)</span> <span class='ocrx_word' id='word_1_240' title='bbox 437 3532 495 3583; x_wconf 86' lang='grc' dir='ltr'><em>ΕΗ.</em></span> <span class='ocrx_word' id='word_1_241' title='bbox 522 3529 535 3599; x_wconf 77' lang='grc' dir='ltr'>Ι]</span> <span class='ocrx_word' id='word_1_242' title='bbox 562 3532 682 3583; x_wconf 80' lang='lat' dir='ltr'>scamilli</span> <span class='ocrx_word' id='word_1_243' title='bbox 701 3532 753 3582; x_wconf 88' lang='grc' dir='ltr'><em>ΕΗ</em></span> <span class='ocrx_word' id='word_1_244' title='bbox 770 3531 817 3597; x_wconf 83' lang='lat' dir='ltr'>(L,</span> <span class='ocrx_word' id='word_1_245' title='bbox 840 3532 956 3583; x_wconf 84' lang='lat' dir='ltr'>scabelli</span> <span class='ocrx_word' id='word_1_246' title='bbox 978 3536 1018 3585; x_wconf 75' lang='lat' dir='ltr'>leh</span> <span class='ocrx_word' id='word_1_247' title='bbox 1041 3532 1113 3602; x_wconf 78' lang='lat' dir='ltr'>[vl]).</span> <span class='ocrx_word' id='word_1_248' title='bbox 1137 3533 1149 3603; x_wconf 84' lang='grc' dir='ltr'>ΙΙ</span> <span class='ocrx_word' id='word_1_249' title='bbox 1176 3538 1289 3602; x_wconf 77' lang='lat' dir='ltr'>heacq3</span> <span class='ocrx_word' id='word_1_250' title='bbox 1312 3538 1365 3587; x_wconf 82' lang='lat' dir='ltr'>GH</span> <span class='ocrx_word' id='word_1_251' title='bbox 1385 3537 1466 3603; x_wconf 81' lang='lat' dir='ltr'>(haeq3</span> 
     </span>
     <span class='ocr_line' id='line_1_29' title="bbox 328 3611 1466 3682; baseline 0.006 -16"><span class='ocrx_word' id='word_1_252' title='bbox 328 3619 367 3666; x_wconf 82' lang='lat' dir='ltr'>cel</span> <span class='ocrx_word' id='word_1_253' title='bbox 384 3616 449 3682; x_wconf 74' lang='lat' dir='ltr'>heq3</span> <span class='ocrx_word' id='word_1_254' title='bbox 467 3616 534 3680; x_wconf 85' lang='lat' dir='ltr'>Lle).</span> <span class='ocrx_word' id='word_1_255' title='bbox 552 3611 594 3682; x_wconf 80' lang='lat' dir='ltr'>{ll</span> <span class='ocrx_word' id='word_1_256' title='bbox 614 3616 654 3666; x_wconf 89' lang='lat' dir='ltr'>sic</span> <span class='ocrx_word' id='word_1_257' title='bbox 674 3616 807 3667; x_wconf 79' lang='lat' dir='ltr'>coluneG</span> <span class='ocrx_word' id='word_1_258' title='bbox 825 3617 874 3682; x_wconf 92' lang='lat' dir='ltr'>(sit</span> <span class='ocrx_word' id='word_1_259' title='bbox 891 3636 945 3669; x_wconf 83' lang='lat' dir='ltr'>eum</span> <span class='ocrx_word' id='word_1_260' title='bbox 956 3620 997 3669; x_wconf 83' lang='lat' dir='ltr'>ln&#39;c</span> <span class='ocrx_word' id='word_1_261' title='bbox 1015 3622 1122 3670; x_wconf 65' lang='lat' dir='ltr'>notauit</span> <span class='ocrx_word' id='word_1_262' title='bbox 1135 3621 1177 3679; x_wconf 73' lang='lat'>(1¹⁶,</span> <span class='ocrx_word' id='word_1_263' title='bbox 1195 3637 1285 3670; x_wconf 76' lang='lat' dir='ltr'>errore</span> <span class='ocrx_word' id='word_1_264' title='bbox 1298 3624 1413 3672; x_wconf 74' lang='lat' dir='ltr'>correxit</span> <span class='ocrx_word' id='word_1_265' title='bbox 1425 3623 1466 3673; x_wconf 88' lang='lat' dir='ltr'>sic</span> 
     </span>
     <span class='ocr_line' id='line_1_30' title="bbox 327 3696 1466 3770; baseline 0.004 -20"><span class='ocrx_word' id='word_1_266' title='bbox 327 3700 507 3765; x_wconf 79' lang='lat' dir='ltr'>praecedens).</span> <span class='ocrx_word' id='word_1_267' title='bbox 535 3696 547 3765; x_wconf 87' lang='grc'>11</span> <span class='ocrx_word' id='word_1_268' title='bbox 575 3702 590 3749; x_wconf 83' lang='grc'>9</span> <span class='ocrx_word' id='word_1_269' title='bbox 619 3709 744 3764; x_wconf 70' lang='lat' dir='ltr'>ancoras</span> <span class='ocrx_word' id='word_1_270' title='bbox 775 3701 897 3767; x_wconf 71' lang='lat' dir='ltr'>(exorsu</span> <span class='ocrx_word' id='word_1_271' title='bbox 926 3704 958 3769; x_wconf 95' lang='grc' dir='ltr'><em>Ε)</em></span> <span class='ocrx_word' id='word_1_272' title='bbox 984 3704 1036 3753; x_wconf 92' lang='grc' dir='ltr'><em>ΕΗ</em></span> <span class='ocrx_word' id='word_1_273' title='bbox 1059 3701 1131 3768; x_wconf 79' lang='lat' dir='ltr'>(item</span> <span class='ocrx_word' id='word_1_274' title='bbox 1153 3706 1213 3764; x_wconf 85' lang='lat' dir='ltr'>Llc,</span> <span class='ocrx_word' id='word_1_275' title='bbox 1235 3707 1282 3756; x_wconf 80' lang='lat' dir='ltr'>loc</span> <span class='ocrx_word' id='word_1_276' title='bbox 1301 3710 1385 3770; x_wconf 74' lang='lat' dir='ltr'>primo</span> <span class='ocrx_word' id='word_1_277' title='bbox 1412 3713 1466 3757; x_wconf 77' lang='lat' dir='ltr'>loco</span> 
     </span>
     <span class='ocr_line' id='line_1_31' title="bbox 330 3783 1467 3856; baseline 0.006 -23"><span class='ocrx_word' id='word_1_278' title='bbox 330 3785 436 3833; x_wconf 69' lang='grc' dir='ltr'><em>Εναεοίε</em></span> <span class='ocrx_word' id='word_1_279' title='bbox 454 3786 547 3834; x_wconf 64' lang='lat' dir='ltr'>litteris</span> <span class='ocrx_word' id='word_1_280' title='bbox 564 3787 591 3834; x_wconf 83' lang='lat' dir='ltr'>in</span> <span class='ocrx_word' id='word_1_281' title='bbox 608 3788 682 3837; x_wconf 83' lang='lat' dir='ltr'>codd.</span> <span class='ocrx_word' id='word_1_282' title='bbox 700 3786 827 3851; x_wconf 60' lang='lat' dir='ltr'>seward).</span> <span class='ocrx_word' id='word_1_283' title='bbox 850 3783 862 3854; x_wconf 81' lang='grc' dir='ltr'>ΙΙ</span> <span class='ocrx_word' id='word_1_284' title='bbox 886 3792 1027 3837; x_wconf 84' lang='lat' dir='ltr'>extantem</span> <span class='ocrx_word' id='word_1_285' title='bbox 1039 3790 1118 3841; x_wconf 66' lang='lat' dir='ltr'>Losa:</span> <span class='ocrx_word' id='word_1_286' title='bbox 1138 3795 1293 3839; x_wconf 85' lang='lat' dir='ltr'>sextantem</span> <span class='ocrx_word' id='word_1_287' title='bbox 1308 3790 1367 3839; x_wconf 86' lang='lat' dir='ltr'>GH.</span> <span class='ocrx_word' id='word_1_288' title='bbox 1391 3786 1403 3856; x_wconf 89' lang='grc' dir='ltr'>ΙΙ</span> <span class='ocrx_word' id='word_1_289' title='bbox 1426 3792 1467 3840; x_wconf 87' lang='lat' dir='ltr'>ita</span> 
     </span>
     <span class='ocr_line' id='line_1_32' title="bbox 328 3867 1467 3937; baseline 0.005 -21"><span class='ocrx_word' id='word_1_290' title='bbox 328 3874 358 3917; x_wconf 92' lang='lat' dir='ltr'>ut</span> <span class='ocrx_word' id='word_1_291' title='bbox 381 3867 441 3918; x_wconf 88' lang='lat' dir='ltr'>lata</span> <span class='ocrx_word' id='word_1_292' title='bbox 463 3869 542 3919; x_wconf 62' lang='lat' dir='ltr'>Lora</span> <span class='ocrx_word' id='word_1_293' title='bbox 566 3870 611 3919; x_wconf 89' lang='lat' dir='ltr'>Ita</span> <span class='ocrx_word' id='word_1_294' title='bbox 635 3870 671 3919; x_wconf 83' lang='lat' dir='ltr'>dir</span> <span class='ocrx_word' id='word_1_295' title='bbox 693 3868 753 3920; x_wconf 86' lang='lat' dir='ltr'>lata</span> <span class='ocrx_word' id='word_1_296' title='bbox 778 3872 811 3934; x_wconf 83' lang='lat' dir='ltr'>G,</span> <span class='ocrx_word' id='word_1_297' title='bbox 835 3873 875 3930; x_wconf 83' lang='lat' dir='ltr'>ita</span> <span class='ocrx_word' id='word_1_298' title='bbox 893 3876 951 3921; x_wconf 91' lang='lat' dir='ltr'>tum</span> <span class='ocrx_word' id='word_1_299' title='bbox 974 3870 1017 3935; x_wconf 79' lang='lat' dir='ltr'>(tu</span> <span class='ocrx_word' id='word_1_300' title='bbox 1034 3873 1054 3937; x_wconf 85' lang='lat' dir='ltr'>l)</span> <span class='ocrx_word' id='word_1_301' title='bbox 1074 3873 1134 3923; x_wconf 86' lang='lat' dir='ltr'>lata</span> <span class='ocrx_word' id='word_1_302' title='bbox 1150 3874 1180 3923; x_wconf 89' lang='grc' dir='ltr'><em>Η</em></span> <span class='ocrx_word' id='word_1_303' title='bbox 1199 3873 1267 3937; x_wconf 78' lang='lat' dir='ltr'>(Lo,</span> <span class='ocrx_word' id='word_1_304' title='bbox 1287 3875 1327 3922; x_wconf 88' lang='lat' dir='ltr'>ita</span> <span class='ocrx_word' id='word_1_305' title='bbox 1345 3873 1467 3922; x_wconf 86' lang='lat' dir='ltr'>cumlata</span> 
     </span>
     <span class='ocr_line' id='line_1_33' title="bbox 327 3952 1467 4021; baseline 0 -19"><span class='ocrx_word' id='word_1_306' title='bbox 327 3959 387 4002; x_wconf 77' lang='lat' dir='ltr'>ante</span> <span class='ocrx_word' id='word_1_307' title='bbox 404 3968 474 4003; x_wconf 79' lang='lat' dir='ltr'>corr.</span> <span class='ocrx_word' id='word_1_308' title='bbox 491 3954 524 4011; x_wconf 89' lang='lat' dir='ltr'>L,</span> <span class='ocrx_word' id='word_1_309' title='bbox 543 3953 584 4002; x_wconf 89' lang='lat' dir='ltr'>ita</span> <span class='ocrx_word' id='word_1_310' title='bbox 601 3952 738 4004; x_wconf 87' lang='lat' dir='ltr'>tumulata</span> <span class='ocrx_word' id='word_1_311' title='bbox 756 3956 807 4018; x_wconf 78' lang='lat' dir='ltr'>el).</span> <span class='ocrx_word' id='word_1_312' title='bbox 835 3952 847 4021; x_wconf 85' lang='grc' dir='ltr'>ΙΙ</span> <span class='ocrx_word' id='word_1_313' title='bbox 876 3958 907 4006; x_wconf 89' lang='grc'>10</span> <span class='ocrx_word' id='word_1_314' title='bbox 924 3955 1040 4020; x_wconf 84' lang='lat' dir='ltr'>longsta</span> <span class='ocrx_word' id='word_1_315' title='bbox 1059 3954 1120 4008; x_wconf 74' lang='lat' dir='ltr'>hate</span> <span class='ocrx_word' id='word_1_316' title='bbox 1143 3974 1211 4008; x_wconf 86' lang='lat' dir='ltr'>corr.</span> <span class='ocrx_word' id='word_1_317' title='bbox 1236 3957 1265 4009; x_wconf 90' lang='grc' dir='ltr'>Ε.</span> <span class='ocrx_word' id='word_1_318' title='bbox 1292 3952 1304 4021; x_wconf 74' lang='grc' dir='ltr'>ΙΙ</span> <span class='ocrx_word' id='word_1_319' title='bbox 1332 3956 1369 4004; x_wconf 89' lang='lat' dir='ltr'>sit</span> <span class='ocrx_word' id='word_1_320' title='bbox 1388 3956 1467 4007; x_wconf 75' lang='lat' dir='ltr'>Lar-,1</span> 
     </span>
     <span class='ocr_line' id='line_1_34' title="bbox 328 4032 1462 4108; baseline 0.002 -23"><span class='ocrx_word' id='word_1_321' title='bbox 328 4039 382 4087; x_wconf 89' lang='lat' dir='ltr'>erit</span> <span class='ocrx_word' id='word_1_322' title='bbox 401 4036 460 4088; x_wconf 90' lang='grc' dir='ltr'><em>ΕΗ.</em></span> <span class='ocrx_word' id='word_1_323' title='bbox 484 4032 496 4101; x_wconf 85' lang='grc' dir='ltr'>ΙΙ</span> <span class='ocrx_word' id='word_1_324' title='bbox 518 4051 588 4086; x_wconf 91' lang='lat' dir='ltr'>unus</span> <span class='ocrx_word' id='word_1_325' title='bbox 611 4045 669 4088; x_wconf 83' lang='lat' dir='ltr'>ante</span> <span class='ocrx_word' id='word_1_326' title='bbox 691 4053 760 4093; x_wconf 80' lang='lat' dir='ltr'>corr.</span> <span class='ocrx_word' id='word_1_327' title='bbox 780 4039 810 4092; x_wconf 88' lang='grc' dir='ltr'>Ε.</span> <span class='ocrx_word' id='word_1_328' title='bbox 833 4036 845 4105; x_wconf 68' lang='lat' dir='ltr'>{l</span> <span class='ocrx_word' id='word_1_329' title='bbox 869 4042 899 4089; x_wconf 87' lang='lat'>11</span> <span class='ocrx_word' id='word_1_330' title='bbox 923 4042 1077 4107; x_wconf 83' lang='lat' dir='ltr'>atticurges</span> <span class='ocrx_word' id='word_1_331' title='bbox 1100 4039 1194 4108; x_wconf 80' lang='lat' dir='ltr'>(Joc.]:</span> <span class='ocrx_word' id='word_1_332' title='bbox 1218 4040 1380 4104; x_wconf 83' lang='lat' dir='ltr'>adtigurges</span> <span class='ocrx_word' id='word_1_333' title='bbox 1402 4047 1462 4088; x_wconf 81' lang='lat' dir='ltr'>ante</span> 
     </span>
     <span class='ocr_line' id='line_1_35' title="bbox 327 4120 1465 4191; baseline 0.003 -23"><span class='ocrx_word' id='word_1_334' title='bbox 327 4136 395 4171; x_wconf 79' lang='lat' dir='ltr'>corr.</span> <span class='ocrx_word' id='word_1_335' title='bbox 416 4121 446 4183; x_wconf 90' lang='grc' dir='ltr'><em>Ε,</em></span> <span class='ocrx_word' id='word_1_336' title='bbox 466 4120 620 4185; x_wconf 82' lang='lat' dir='ltr'>attigurges</span> <span class='ocrx_word' id='word_1_337' title='bbox 639 4121 667 4169; x_wconf 92' lang='lat' dir='ltr'><em>H</em></span> <span class='ocrx_word' id='word_1_338' title='bbox 685 4120 801 4186; x_wconf 71' lang='lat' dir='ltr'>(costo).</span> <span class='ocrx_word' id='word_1_339' title='bbox 825 4122 837 4190; x_wconf 74' lang='lat' dir='ltr'>ll</span> <span class='ocrx_word' id='word_1_340' title='bbox 861 4126 893 4173; x_wconf 78' lang='lat'>14</span> <span class='ocrx_word' id='word_1_341' title='bbox 911 4122 1000 4189; x_wconf 85' lang='lat'>(-15)</span> <span class='ocrx_word' id='word_1_342' title='bbox 1020 4132 1133 4191; x_wconf 85' lang='lat' dir='ltr'>quartae</span> <span class='ocrx_word' id='word_1_343' title='bbox 1213 4130 1290 4174; x_wconf 89' lang='lat' dir='ltr'>torus</span> <span class='ocrx_word' id='word_1_344' title='bbox 1310 4123 1343 4172; x_wconf 80' lang='lat' dir='ltr'>G:</span> <span class='ocrx_word' id='word_1_345' title='bbox 1366 4139 1414 4175; x_wconf 87' lang='lat' dir='ltr'>om.</span> <span class='ocrx_word' id='word_1_346' title='bbox 1434 4123 1465 4171; x_wconf 90' lang='lat' dir='ltr'><em>H</em></span> 
     </span>
     <span class='ocr_line' id='line_1_36' title="bbox 327 4202 1463 4275; baseline 0.001 -20"><span class='ocrx_word' id='word_1_347' title='bbox 327 4206 386 4266; x_wconf 83' lang='lat' dir='ltr'>(Llc</span> <span class='ocrx_word' id='word_1_348' title='bbox 404 4202 466 4269; x_wconf 80' lang='lat' dir='ltr'>[afD</span> <span class='ocrx_word' id='word_1_349' title='bbox 493 4205 536 4255; x_wconf 81' lang='lat' dir='ltr'>ubi</span> <span class='ocrx_word' id='word_1_350' title='bbox 551 4208 589 4255; x_wconf 81' lang='lat' dir='ltr'>etc</span> <span class='ocrx_word' id='word_1_351' title='bbox 606 4203 709 4270; x_wconf 86' lang='lat' dir='ltr'>fiatque</span> <span class='ocrx_word' id='word_1_352' title='bbox 727 4209 853 4273; x_wconf 87' lang='lat' dir='ltr'>superior</span> <span class='ocrx_word' id='word_1_353' title='bbox 870 4214 946 4260; x_wconf 89' lang='lat' dir='ltr'>torus</span> <span class='ocrx_word' id='word_1_354' title='bbox 969 4208 1059 4261; x_wconf 83' lang='lat' dir='ltr'>altera</span> <span class='ocrx_word' id='word_1_355' title='bbox 1076 4226 1141 4275; x_wconf 87' lang='lat' dir='ltr'>pars</span> <span class='ocrx_word' id='word_1_356' title='bbox 1163 4225 1225 4260; x_wconf 90' lang='lat' dir='ltr'>eum</span> <span class='ocrx_word' id='word_1_357' title='bbox 1248 4208 1306 4258; x_wconf 88' lang='lat' dir='ltr'>suis</span> <span class='ocrx_word' id='word_1_358' title='bbox 1324 4242 1371 4261; x_wconf 87' lang='lat'>...</span> <span class='ocrx_word' id='word_1_359' title='bbox 1396 4205 1408 4273; x_wconf 86' lang='grc' dir='ltr'>ΙΙ</span> <span class='ocrx_word' id='word_1_360' title='bbox 1432 4210 1463 4257; x_wconf 85' lang='grc'>16</span> 
     </span>
     <span class='ocr_line' id='line_1_37' title="bbox 327 4287 1462 4359; baseline 0.004 -21"><span class='ocrx_word' id='word_1_361' title='bbox 327 4291 419 4340; x_wconf 85' lang='lat' dir='ltr'>scotia</span> <span class='ocrx_word' id='word_1_362' title='bbox 438 4289 492 4339; x_wconf 90' lang='grc' dir='ltr'>ΕΗ</span> <span class='ocrx_word' id='word_1_363' title='bbox 507 4287 549 4352; x_wconf 82' lang='lat' dir='ltr'>(le,</span> <span class='ocrx_word' id='word_1_364' title='bbox 567 4290 675 4341; x_wconf 88' lang='lat' dir='ltr'>scotica</span> <span class='ocrx_word' id='word_1_365' title='bbox 692 4290 737 4355; x_wconf 86' lang='lat' dir='ltr'>L).</span> <span class='ocrx_word' id='word_1_366' title='bbox 761 4288 773 4358; x_wconf 83' lang='grc' dir='ltr'>ΙΙ</span> <span class='ocrx_word' id='word_1_367' title='bbox 797 4293 933 4343; x_wconf 77' lang='lat' dir='ltr'>trochilos</span> <span class='ocrx_word' id='word_1_368' title='bbox 952 4294 1011 4343; x_wconf 89' lang='grc' dir='ltr'><em>ΕΗ.</em></span> <span class='ocrx_word' id='word_1_369' title='bbox 1034 4291 1046 4359; x_wconf 87' lang='grc' dir='ltr'>ΙΙ</span> <span class='ocrx_word' id='word_1_370' title='bbox 1069 4296 1101 4344; x_wconf 88' lang='lat'>18</span> <span class='ocrx_word' id='word_1_371' title='bbox 1114 4310 1220 4358; x_wconf 89' lang='lat' dir='ltr'>quoque</span> <span class='ocrx_word' id='word_1_372' title='bbox 1240 4290 1287 4357; x_wconf 58' lang='grc' dir='ltr'>(ᾗ</span> <span class='ocrx_word' id='word_1_373' title='bbox 1301 4293 1332 4356; x_wconf 92' lang='grc' dir='ltr'><em>Ε)</em></span> <span class='ocrx_word' id='word_1_374' title='bbox 1352 4308 1462 4342; x_wconf 86' lang='lat' dir='ltr'>versus:</span> 
     </span>
     <span class='ocr_line' id='line_1_38' title="bbox 325 4369 1465 4444; baseline 0.003 -21"><span class='ocrx_word' id='word_1_375' title='bbox 325 4376 363 4423; x_wconf 84' lang='lat' dir='ltr'>sie</span> <span class='ocrx_word' id='word_1_376' title='bbox 382 4374 441 4425; x_wconf 91' lang='grc' dir='ltr'><em>ΕΗ.</em></span> <span class='ocrx_word' id='word_1_377' title='bbox 466 4369 478 4439; x_wconf 90' lang='grc' dir='ltr'>ΙΙ</span> <span class='ocrx_word' id='word_1_378' title='bbox 502 4375 533 4423; x_wconf 85' lang='grc'>19</span> <span class='ocrx_word' id='word_1_379' title='bbox 552 4374 714 4441; x_wconf 84' lang='lat' dir='ltr'>adtigurges</span> <span class='ocrx_word' id='word_1_380' title='bbox 734 4376 787 4426; x_wconf 84' lang='lat' dir='ltr'>GH</span> <span class='ocrx_word' id='word_1_381' title='bbox 803 4375 854 4440; x_wconf 79' lang='lat' dir='ltr'>(Li,</span> <span class='ocrx_word' id='word_1_382' title='bbox 875 4379 1030 4444; x_wconf 82' lang='lat' dir='ltr'>attigurgss</span> <span class='ocrx_word' id='word_1_383' title='bbox 1045 4379 1086 4438; x_wconf 75' lang='lat'>00,</span> <span class='ocrx_word' id='word_1_384' title='bbox 1106 4380 1141 4427; x_wconf 87' lang='lat' dir='ltr'>ad</span> <span class='ocrx_word' id='word_1_385' title='bbox 1159 4380 1283 4443; x_wconf 83' lang='lat' dir='ltr'>gurgites</span> <span class='ocrx_word' id='word_1_386' title='bbox 1300 4395 1321 4436; x_wconf 85' lang='lat' dir='ltr'>e,</span> <span class='ocrx_word' id='word_1_387' title='bbox 1341 4377 1465 4442; x_wconf 88' lang='lat' dir='ltr'>adtigur·</span> 
     </span>
     <span class='ocr_line' id='line_1_39' title="bbox 327 4456 1465 4527; baseline 0.006 -21"><span class='ocrx_word' id='word_1_388' title='bbox 327 4458 399 4522; x_wconf 85' lang='lat' dir='ltr'>gites</span> <span class='ocrx_word' id='word_1_389' title='bbox 416 4457 457 4520; x_wconf 76' lang='lat' dir='ltr'>t),</span> <span class='ocrx_word' id='word_1_390' title='bbox 483 4458 630 4525; x_wconf 87' lang='lat' dir='ltr'>atticurgis</span> <span class='ocrx_word' id='word_1_391' title='bbox 651 4462 707 4513; x_wconf 78' lang='lat' dir='ltr'>Joc.</span> <span class='ocrx_word' id='word_1_392' title='bbox 732 4456 744 4527; x_wconf 83' lang='grc' dir='ltr'>ΙΙ</span> <span class='ocrx_word' id='word_1_393' title='bbox 766 4463 800 4512; x_wconf 79' lang='lat'>20</span> <span class='ocrx_word' id='word_1_394' title='bbox 822 4462 864 4513; x_wconf 87' lang='lat' dir='ltr'>its</span> <span class='ocrx_word' id='word_1_395' title='bbox 886 4467 915 4511; x_wconf 91' lang='lat' dir='ltr'>et</span> <span class='ocrx_word' id='word_1_396' title='bbox 935 4463 1007 4514; x_wconf 69' lang='lat' dir='ltr'>dou:</span> <span class='ocrx_word' id='word_1_397' title='bbox 1030 4463 1071 4511; x_wconf 88' lang='lat' dir='ltr'>ita</span> <span class='ocrx_word' id='word_1_398' title='bbox 1093 4466 1124 4511; x_wconf 90' lang='lat' dir='ltr'>ut</span> <span class='ocrx_word' id='word_1_399' title='bbox 1149 4462 1206 4510; x_wconf 89' lang='grc' dir='ltr'>ΕΗ.</span> <span class='ocrx_word' id='word_1_400' title='bbox 1231 4459 1243 4526; x_wconf 89' lang='grc' dir='ltr'>ΙΙ</span> <span class='ocrx_word' id='word_1_401' title='bbox 1265 4462 1465 4525; x_wconf 73' lang='grc' dir='ltr'>ρΙίιιῑΙιοεε-εἰε</span> 
     </span>
     <span class='ocr_line' id='line_1_40' title="bbox 328 4537 1463 4610; baseline 0.005 -19"><span class='ocrx_word' id='word_1_402' title='bbox 328 4542 386 4591; x_wconf 90' lang='grc' dir='ltr'>ΕΗ.</span> <span class='ocrx_word' id='word_1_403' title='bbox 406 4537 418 4607; x_wconf 78' lang='grc' dir='ltr'><em>Η</em></span> <span class='ocrx_word' id='word_1_404' title='bbox 442 4541 632 4608; x_wconf 86' lang='lat' dir='ltr'>reliquumque</span> <span class='ocrx_word' id='word_1_405' title='bbox 652 4545 690 4595; x_wconf 82' lang='lat' dir='ltr'>Gt</span> <span class='ocrx_word' id='word_1_406' title='bbox 708 4547 749 4609; x_wconf 84' lang='lat' dir='ltr'>(le,</span> <span class='ocrx_word' id='word_1_407' title='bbox 769 4560 831 4609; x_wconf 89' lang='lat' dir='ltr'>quae</span> <span class='ocrx_word' id='word_1_408' title='bbox 849 4546 958 4609; x_wconf 72' lang='lat' dir='ltr'>reliqui</span> <span class='ocrx_word' id='word_1_409' title='bbox 972 4545 977 4609; x_wconf 92' lang='grc' dir='ltr'>Ι</span> <span class='ocrx_word' id='word_1_410' title='bbox 992 4542 1038 4610; x_wconf 90' lang='lat' dir='ltr'>L).</span> <span class='ocrx_word' id='word_1_411' title='bbox 1055 4541 1067 4610; x_wconf 83' lang='grc' dir='ltr'>ΙΙ</span> <span class='ocrx_word' id='word_1_412' title='bbox 1083 4546 1114 4593; x_wconf 71' lang='lat' dir='ltr'>‘tl</span> <span class='ocrx_word' id='word_1_413' title='bbox 1134 4544 1204 4608; x_wconf 90' lang='lat' dir='ltr'>quod</span> <span class='ocrx_word' id='word_1_414' title='bbox 1223 4545 1276 4594; x_wconf 89' lang='lat' dir='ltr'>erit</span> <span class='ocrx_word' id='word_1_415' title='bbox 1294 4549 1377 4597; x_wconf 87' lang='lat' dir='ltr'>tertia</span> <span class='ocrx_word' id='word_1_416' title='bbox 1390 4549 1463 4598; x_wconf 65' lang='grc' dir='ltr'>λοι-,ι</span> 
     </span>
     <span class='ocr_line' id='line_1_41' title="bbox 327 4626 1463 4695; baseline 0.006 -20"><span class='ocrx_word' id='word_1_417' title='bbox 327 4626 399 4691; x_wconf 86' lang='lat' dir='ltr'>quod</span> <span class='ocrx_word' id='word_1_418' title='bbox 418 4627 471 4676; x_wconf 84' lang='lat' dir='ltr'>erit</span> <span class='ocrx_word' id='word_1_419' title='bbox 490 4628 516 4677; x_wconf 87' lang='lat' dir='ltr'>ei</span> <span class='ocrx_word' id='word_1_420' title='bbox 533 4629 621 4679; x_wconf 88' lang='lat' dir='ltr'>tercia</span> <span class='ocrx_word' id='word_1_421' title='bbox 636 4629 665 4687; x_wconf 92' lang='grc' dir='ltr'>Ε,</span> <span class='ocrx_word' id='word_1_422' title='bbox 684 4630 756 4695; x_wconf 88' lang='lat' dir='ltr'>quod</span> <span class='ocrx_word' id='word_1_423' title='bbox 775 4631 801 4682; x_wconf 90' lang='lat' dir='ltr'>ei</span> <span class='ocrx_word' id='word_1_424' title='bbox 818 4629 854 4679; x_wconf 88' lang='lat' dir='ltr'>sd</span> <span class='ocrx_word' id='word_1_425' title='bbox 872 4630 956 4680; x_wconf 88' lang='lat' dir='ltr'>tertis</span> <span class='ocrx_word' id='word_1_426' title='bbox 968 4629 997 4677; x_wconf 94' lang='grc' dir='ltr'><em>Η</em></span> <span class='ocrx_word' id='word_1_427' title='bbox 1015 4627 1089 4691; x_wconf 77' lang='lat' dir='ltr'>(Lcle,</span> <span class='ocrx_word' id='word_1_428' title='bbox 1107 4631 1154 4679; x_wconf 81' lang='lat' dir='ltr'>sed</span> <span class='ocrx_word' id='word_1_429' title='bbox 1166 4645 1182 4678; x_wconf 93' lang='lat' dir='ltr'>a</span> <span class='ocrx_word' id='word_1_430' title='bbox 1198 4630 1225 4678; x_wconf 84' lang='lat' dir='ltr'>in</span> <span class='ocrx_word' id='word_1_431' title='bbox 1243 4629 1399 4695; x_wconf 79' lang='lat' dir='ltr'>adscripsit</span> <span class='ocrx_word' id='word_1_432' title='bbox 1417 4632 1463 4694; x_wconf 65' lang='lat' dir='ltr'>Le,</span> 
     </span>
     <span class='ocr_line' id='line_1_42' title="bbox 327 4708 1322 4783; baseline 0.008 -23"><span class='ocrx_word' id='word_1_433' title='bbox 327 4710 397 4779; x_wconf 86' lang='lat' dir='ltr'>qued</span> <span class='ocrx_word' id='word_1_434' title='bbox 416 4712 442 4763; x_wconf 89' lang='lat' dir='ltr'>ei</span> <span class='ocrx_word' id='word_1_435' title='bbox 459 4713 550 4765; x_wconf 83' lang='lat' dir='ltr'>tercia</span> <span class='ocrx_word' id='word_1_436' title='bbox 566 4713 596 4780; x_wconf 85' lang='lat' dir='ltr'>l).</span> <span class='ocrx_word' id='word_1_437' title='bbox 619 4708 632 4783; x_wconf 80' lang='grc' dir='ltr'>[Ι</span> <span class='ocrx_word' id='word_1_438' title='bbox 655 4714 688 4763; x_wconf 72' lang='grc'>’22</span> <span class='ocrx_word' id='word_1_439' title='bbox 706 4714 802 4767; x_wconf 86' lang='lat' dir='ltr'>thorus</span> <span class='ocrx_word' id='word_1_440' title='bbox 821 4715 879 4779; x_wconf 78' lang='lat' dir='ltr'>(tor</span> <span class='ocrx_word' id='word_1_441' title='bbox 895 4715 950 4768; x_wconf 82' lang='lat' dir='ltr'>solo</span> <span class='ocrx_word' id='word_1_442' title='bbox 968 4713 1034 4779; x_wconf 85' lang='lat' dir='ltr'>loco)</span> <span class='ocrx_word' id='word_1_443' title='bbox 1055 4712 1107 4767; x_wconf 87' lang='grc' dir='ltr'><em>ΕΗ</em></span> <span class='ocrx_word' id='word_1_444' title='bbox 1123 4713 1164 4780; x_wconf 83' lang='lat' dir='ltr'>(le,</span> <span class='ocrx_word' id='word_1_445' title='bbox 1183 4716 1260 4768; x_wconf 82' lang='lat' dir='ltr'>torus</span> <span class='ocrx_word' id='word_1_446' title='bbox 1279 4714 1322 4780; x_wconf 78' lang='lat' dir='ltr'>L).</span> 
     </span>
    </p>
   </div>
   <div class='ocr_carea' id='block_1_4' title="bbox 0 0 1996 5825">
    <p class='ocr_par' dir='ltr' id='par_1_4' title="bbox 0 0 1996 5825">
     <span class='ocr_line' id='line_1_43' title="bbox 0 0 1996 5825; baseline 0 1"><span class='ocrx_word' id='word_1_447' title='bbox 0 0 1996 5825; x_wconf 95' lang='lat' dir='ltr'> </span> 
     </span>
    </p>
   </div>
  </div>
 </body>
</html>
