3984 5825
707 682 754 730 un
776 682 1044 732 aucurrnorunr
1068 684 1137 730 nm.
1160 684 1183 730 1.
1374 736 1383 744 ,
1499 669 1519 733 3

373 833 678 898 ratiocinationibus
701 843 733 897 et
755 833 872 898 litteris
895 835 972 899 solis
995 836 1108 900 confisi
1131 835 1270 916 fuerunt,
1292 835 1438 899 umbram
1455 859 1520 901 non

373 957 443 998 rem
466 937 629 1021 persecuti
651 935 815 999 videntur.
859 944 893 998 at
916 937 971 1021 qui
993 946 1165 1022 utrumque
1187 937 1447 1024 perdidicerunt,
1470 939 1519 1002 uti

376 1036 526 1101 omnibus
554 1039 652 1101 armis
680 1038 786 1102 ornati
814 1037 909 1102 citius
937 1060 1010 1101 cum
1037 1039 1230 1103 auctoritate
1253 1039 1339 1125 quod
1361 1039 1424 1103 fuit
1446 1062 1518 1127 pro-

342 1139 518 1226 spositum
546 1149 624 1201 sunt
650 1139 807 1202 adsecuti.
853 1160 926 1202 cum
955 1141 989 1201 in
1013 1139 1162 1203 omnibus
1194 1142 1279 1203 enim
1308 1139 1422 1220 rebus,
1451 1150 1520 1204 tum

374 1239 518 1301 maxime
546 1240 644 1302 etiam
666 1240 699 1302 in
722 1239 940 1303 architectura
968 1239 1048 1302 hacc
1070 1240 1133 1303 duo
1157 1241 1281 1323 insunt,
1311 1241 1398 1328 quod
1420 1243 1518 1326 signi·
1539 1256 1554 1303 5

376 1340 492 1403 ficatur
513 1350 545 1403 et
568 1340 654 1426 quod
678 1341 850 1425 significat.
895 1341 1097 1425 significatur
1124 1344 1292 1428 proposita
1319 1364 1371 1407 res
1394 1343 1435 1405 de
1458 1364 1521 1428 qua

377 1440 508 1522 dicitur,
531 1441 614 1503 banc
635 1450 743 1504 autem
766 1443 930 1526 significat
952 1442 1187 1506 demonstratio
1202 1443 1383 1507 rationibus
1400 1444 1519 1507 doctri-

376 1564 490 1606 narum
519 1541 692 1629 explicata.
748 1563 846 1628 quare
874 1542 1006 1607 videtur
1032 1552 1170 1628 utraque
1202 1554 1295 1629 parte
1324 1546 1519 1609 exercitatus

376 1665 448 1707 esse
470 1642 589 1706 debere
612 1645 667 1729 qui
682 1666 717 1706 se
732 1644 943 1709 architectum
965 1645 1163 1730 profiteatur.
1208 1646 1318 1729 itaque
1334 1668 1407 1708 eum
1423 1648 1519 1708 ctiam

331 1811 333 1815 ,
375 1745 581 1828 ingeniosum
603 1755 730 1833 oportet
752 1768 823 1809 csse
851 1754 883 1809 et
909 1746 952 1808 ad
981 1746 1188 1831 disciplinam
1218 1746 1366 1810 docilem.
1415 1768 1520 1832 neque
1540 1762 1570 1811 10

378 1847 462 1908 enim
490 1847 658 1932 ingenium
693 1847 763 1911 sine
791 1844 965 1930 disciplina
997 1856 1054 1910 aut
1083 1845 1257 1931 disciplina
1290 1849 1360 1911 sine
1388 1849 1519 1931 ingenio

376 1946 555 2032 perfectum
570 1948 727 2011 artificem
743 1957 851 2033 potest
866 1947 1005 2010 el'ficcre.
1050 1958 1082 2010 et
1096 1947 1309 2012 utlitteratus
1326 1950 1379 2030 sit,
1396 1950 1519 2035 peritus

377 2049 569 2136 graphidos,
600 2049 747 2114 eruditus
769 2051 962 2134 geometria,
991 2049 1145 2113 historias
1164 2050 1356 2136 ‚complures
1379 2052 1519 2131 noverit,

376 2149 586 2238 philosophos
610 2149 786 2235 diligenter
813 2150 970 2234 audierit,
1000 2152 1156 2214 inusicanr
1185 2152 1312 2234 scierit,
1336 2151 1519 2214 medicinae

376 2273 441 2314 nou
469 2255 512 2316 sit
539 2254 689 2336 ignarus,
723 2275 878 2338 responsa
905 2251 1208 2316 iurisconsultorum
1236 2254 1382 2335 noverit,
1416 2261 1517 2316 astro·
1538 2268 1570 2316 lo

376 2351 496 2437 logiam
519 2353 664 2438 caelique
686 2355 830 2419 rationes
854 2356 1000 2438 cognitas
1024 2354 1153 2418 habeat.

342 2467 360 2514 4
428 2472 435 2484 ·
463 2453 556 2534 Quae
576 2477 633 2518 cur
655 2456 702 2518 ita
722 2457 788 2519 sint
809 2455 889 2525 haec
904 2465 979 2519 sunt
994 2477 1120 2520 causae.
1165 2456 1291 2529 litteras
1307 2456 1519 2520 architectum

378 2555 462 2618 scire
484 2565 622 2642 oportet,
645 2557 694 2619 uti
717 2558 956 2621 commentariis
980 2558 1168 2620 memoriam
1191 2557 1367 2623 firmiorem
1390 2557 1520 2620 efficere

379 2659 493 2743 possit.
545 2658 663 2721 deinde
699 2657 877 2744 graphidos
915 2659 1084 2722 scientiam
1121 2658 1257 2740 habere,
1295 2682 1357 2744 quo
1391 2657 1519 2722 facilius

378 2757 619 2846 exemplaribus
652 2760 749 2846 pictis
782 2781 879 2845 quam
910 2759 990 2822 velit
1024 2761 1130 2845 operis
1166 2760 1305 2845 speciem
1339 2760 1520 2824 deformare
1538 2774 1571 2822 20

377 2860 495 2924 valeat.
539 2861 718 2945 geometria
739 2870 845 2925 autom
868 2860 962 2947 plura
983 2859 1147 2947 praesidia
1168 2871 1311 2947 praestat
1326 2860 1519 2926 architectu-

377 2984 448 3044 rae,
481 2971 513 3026 et
540 2965 680 3050 primum
710 2985 749 3025 ea
775 2962 1016 3049 euthygrammi
1045 2971 1077 3025 et
1104 2962 1218 3024 circini
1240 2961 1341 3024 tradit
1363 2984 1473 3044 usum,
1503 2985 1520 3023 e

378 3086 441 3149 quo
469 3066 611 3128 maxime
637 3064 767 3127 facilius
795 3063 1018 3128 aedificiorum
1045 3064 1078 3126 iu
1105 3063 1188 3125 areis
1217 3062 1436 3147 expediuntur
1464 3062 1519 3124 de-

378 3168 570 3252 scriptiones
592 3188 842 3252 normarumque
864 3175 896 3229 et
918 3164 1128 3228 librationum
1149 3173 1181 3227 et
1196 3162 1352 3227 linearum
1369 3163 1520 3226 directio·

378 3357 605 3365 -——-—-.

449 3478 461 3525 1
481 3476 594 3525 fuerunt
618 3476 645 3525 Η
668 3474 809 3539 (crepare,
833 3475 937 3525 fuerint
954 3482 1014 3524 ante
1036 3490 1106 3529 corr.
1131 3474 1178 3540 P):
1210 3473 1321 3524 fueraut
1340 3475 1369 3526 0.
1394 3470 1406 3540 Η
1434 3473 1520 3525 oduo

381 3560 407 3610 in
419 3576 473 3612 ras.
486 3561 523 3612 H.
536 3559 548 3626 Η
560 3561 652 3610 insunt
667 3560 717 3609 GH
728 3559 842 3624 (LPpl):
855 3565 919 3609 sunt
931 3560 973 3609 bel
980 3598 986 3612 .
1006 3555 1020 3625 Η
1039 3560 1162 3609 betium:
1175 3561 1212 3608 sic
1227 3560 1284 3612 GH.
1303 3554 1315 3625 Η
1333 3561 1364 3608 10
1377 3557 1522 3624 disciplina

295 3651 297 3655 '
380 3644 508 3708 H⁶(Llc):
527 3644 677 3709 disciplina
695 3653 754 3694 ante
772 3661 841 3699 corr.
860 3646 897 3707 H,
915 3658 1001 3693 -nas
1021 3644 1050 3695 G.
1074 3641 1086 3709 Η
1114 3646 1143 3692 11
1164 3648 1212 3693 aut
1231 3642 1290 3707 (aut
1307 3660 1353 3693 om.
1370 3658 1412 3706 pr.
1431 3658 1461 3691 m.
1481 3641 1520 3707 H)

380 3728 531 3793 disciplina
545 3730 604 3779 sine
623 3730 735 3793 ingenio
753 3730 781 3778 H
792 3729 876 3793 (Llclt
896 3733 944 3777 aut
956 3728 1016 3778 sine
1035 3727 1146 3793 ingenio
1160 3727 1309 3791 disciplina
1323 3728 1352 3779 G.
1376 3723 1387 3793 Η
1412 3728 1443 3777 13
1462 3741 1521 3791 gra-

379 3846 478 3912 phidos
497 3849 546 3898 GH
558 3849 661 3912 (LPpl,
682 3816 763 3896 -dhs
781 3848 796 3897 b
816 3851 844 3896 et
861 3854 920 3897 ante
938 3862 1008 3896 corr.
1026 3846 1050 3907 b,
1069 3845 1155 3895 -dus
1168 3862 1189 3905 c,
1208 3846 1289 3896 —dis
1307 3847 1336 3895 hc
1356 3852 1383 3894 ut
1404 3842 1519 3907 υ,19).Η

380 3929 532 3995 geometria
556 3933 606 3982 GH
625 3929 675 3997 (L,
699 3933 870 3998 geometrica
898 3931 1006 3995 Ppobtc,
1034 3932 1092 3979 item
1119 3930 1191 3994 infra
1217 3947 1239 3979 v.
1268 3933 1311 3980 21.
1344 3930 1379 3992 cf.
1404 3932 1443 3985 10,
1468 3926 1520 3989 to).

381 4018 543 4080 geometria,
562 4017 706 4067 historias:
733 4019 771 4066 sic
790 4016 939 4081 (hystorias
958 4015 1000 4081 H)
1020 4014 1070 4065 GH
1088 4014 1247 4080 (LPpblcb).
1275 4022 1334 4079 post
1352 4012 1520 4078 geometrica

380 4116 416 4149 ex
427 4103 624 4164 interpolatione
636 4104 712 4152 codd.
726 4117 778 4151 rec.
797 4116 865 4150 aare.
881 4100 922 4149 XI
929 4101 956 4149 V
965 4114 1049 4149 eorum
1060 4101 1103 4164 qni
1112 4101 1225 4163 pendent
1237 4115 1273 4148 ex
1292 4098 1445 4161 G(propter
1460 4112 1487 4159 p.
1506 4099 1522 4144 4

379 4201 402 4233 u.
417 4184 495 4247 1-3)
514 4188 660 4235 inseruntur
677 4186 754 4236 uerba
773 4186 923 4234 instructus
943 4183 1133 4246 arithmetica,
1153 4183 1241 4249 quidus
1259 4184 1342 4233 editor
1360 4182 1522 4231 Florentium

378 4304 512 4366 praemisit
538 4306 614 4354 ctiam
640 4305 703 4353 hoec
730 4307 758 4353 ot
784 4304 890 4369 optices
918 4316 972 4351 non
1000 4303 1125 4366 ignarus.
1172 4271 1292 4352 eruditis
1310 4304 1326 4348 l.
1349 4294 1361 4362 Η
1388 4296 1521 4360 141111110-

380 4387 481 4451 sophus
499 4395 558 4437 onte
577 4405 645 4439 corr.
665 4389 700 4442 H.
724 4384 736 4454 Η
761 4390 790 4437 17
810 4391 874 4437 sunt
893 4388 921 4440 G.
934 4384 946 4452 Η
957 4387 1028 4436 haec
1052 4388 1080 4435 H
1099 4386 1180 4450 (Pet
1203 4388 1267 4434 unte
1288 4397 1355 4431 corr.
1376 4384 1395 4438 1,
1419 4381 1470 4446 hee
1488 4382 1521 4436 L,

380 4471 451 4536 haee
476 4475 504 4531 lc,
528 4472 581 4522 hae
601 4473 642 4531 bc,
666 4472 701 4537 he
717 4471 779 4535 pIcJ:
806 4473 840 4521 hc
861 4473 889 4522 G.
918 4466 930 4536 Η
959 4474 990 4521 19
1014 4470 1164 4535 graphidos
1187 4467 1224 4530 (at
1241 4482 1321 4529 supra
1339 4483 1361 4515 o.
1387 4469 1420 4515 13
1447 4464 1521 4529 GH):

381 4555 523 4621 graphidis
544 4557 603 4611 GH,
627 4553 639 4622 Η
662 4558 694 4605 22
708 4572 741 4605 eu
759 4555 856 4622 (Mor.)
876 4556 1074 4620 euthygrammi
1094 4554 1139 4616 (=
1149 4550 1276 4615 regulae)
1300 4555 1327 4598 et
1346 4550 1443 4598 circini
1464 4550 1520 4599 Joc.

381 4641 427 4703 (cs.
444 4657 473 4705 p.
491 4644 532 4699 11,
551 4641 612 4706 23):
637 4657 671 4690 ex
690 4640 971 4705 euthy(1G)grammis
990 4638 1088 4687 circini
1107 4637 1164 4688 GH.
1203 4635 1318 4684 cincinni
1337 4652 1361 4698 p.
1385 4630 1397 4700 Η
1425 4637 1457 4685 23
1476 4634 1522 4684 de·

383 4728 540 4793 scriptionis
559 4733 618 4776 onte
636 4743 704 4777 corr.
723 4726 759 4777 H.
783 4723 795 4789 Η
820 4727 853 4774 24
871 4724 1040 4772 directiones
1058 4728 1117 4771 aute
1135 4737 1203 4771 corr.
1222 4737 1267 4771 otu.
1285 4721 1313 4769 P.

1278 4796 1320 4864 l*
