3984 5825
667 650 714 695 nn
736 649 1004 699 sucurrrcruns
1028 653 1097 699 nm.
1121 654 1152 698 v.
1298 696 1304 702 ,
1425 641 1483 704 105

335 805 400 869 reis
429 803 590 892 epistyliis
619 802 779 867 adornant
808 813 840 868 et
867 827 966 892 supra
992 804 1230 870 ambulationes
1258 808 1292 869 in
1315 809 1481 893 contigna-

336 904 480 971 tionibus
504 905 636 968 faciunt.
682 903 798 968 Italiae
822 927 898 969 vcro
920 905 1056 970 urbibus
1080 928 1143 968 non
1165 906 1277 970 cadem
1294 918 1341 971 est
1358 910 1483 973 rationo

336 1007 541 1088 faciendum,
576 1006 649 1071 ideo
678 1006 764 1092 quod
798 1029 817 1069 a
844 1007 1022 1071 maioribus
1057 1007 1255 1071 consuetudo
1284 1010 1404 1074 tradita
1433 1027 1482 1074 est

301 1109 533 1196 agladiatoria
559 1129 694 1173 munera
721 1110 756 1171 in
783 1107 853 1172 foro
882 1108 963 1173 dari.
1015 1111 1115 1194 igitur
1150 1111 1269 1173 circum
1297 1110 1482 1198 spectacula

335 1212 532 1299 spatiosiora
553 1208 802 1275 intercolumnia
825 1209 1064 1274 distribuantur
1080 1213 1230 1297 circaque
1252 1215 1287 1276 in
1302 1213 1480 1299 porticibus
1500 1231 1515 1275 s

335 1313 541 1399 argentariae
563 1311 717 1395 tabernae
731 1312 964 1398 maenianaque
986 1312 1209 1399 superioribus
1233 1314 1481 1378 coaxationibus

336 1414 556 1496 conlocentur,
581 1435 663 1501 quac
686 1413 782 1477 etad
805 1436 897 1478 usum
922 1412 1019 1478 etad
1042 1413 1217 1499 vectigalia
1239 1414 1371 1502 publica
1393 1427 1482 1481 recte
1559 1479 1571 1494 ,

337 1527 434 1582 erunt
455 1515 625 1604 disposita.

421 1616 667 1703 Magnitudines
690 1627 799 1681 autom
826 1616 869 1680 ad
897 1618 1023 1703 copiam
1046 1617 1213 1681 hominum
1244 1628 1370 1704 oportet
1398 1619 1479 1704 fieri,

337 1744 377 1786 ne
400 1742 538 1809 parvum
560 1719 702 1806 spatium
724 1719 767 1783 sit
789 1717 832 1782 ad
853 1740 949 1783 usum
970 1729 1026 1783 aut
1047 1741 1089 1782 ne
1111 1725 1243 1807 propter
1259 1721 1402 1806 inopiam
1423 1745 1479 1808 po·
1501 1739 1532 1786 ro

337 1823 405 1911 puli
426 1832 558 1886 vastum
580 1820 685 1885 forum
708 1820 869 1884 videatur.
914 1818 1052 1884 latitudo
1080 1831 1188 1885 autem
1210 1822 1259 1884 ita
1281 1821 1413 1888 finiatur
1433 1824 1481 1889 uti

336 1922 506 2010 longitudo
529 1925 563 1987 in
585 1932 651 1987 tres
674 1932 781 2008 partes
805 1945 878 1986 cum
901 1922 1009 1986 divisa
1031 1921 1140 2004 fuerit,
1165 1943 1207 1984 ex
1228 1922 1279 1986 his
1303 1922 1386 1987 duae
1409 1948 1481 2012 par·

337 2039 385 2091 tes
413 2027 443 2089 ei
475 2025 604 2089 dentur.
648 2026 694 2088 ita
721 2026 807 2088 onim
840 2025 902 2088 crit
930 2023 1078 2108 oblonga'
1099 2025 1168 2087 eius
1198 2022 1348 2089 formatio
1379 2037 1410 2090 et
1439 2026 1481 2090 ad

300 2155 317 2202 3
338 2126 595 2216 spectaculorum
616 2127 776 2191 rationem
790 2124 880 2190 utilis
897 2125 1078 2211 dispositio.
1102 2123 1283 2189 ¹columnae
1299 2129 1493 2214 superiores

337 2238 454 2315 quarta
480 2238 572 2315 parte
599 2228 741 2293 minores
776 2249 872 2312 quam
907 2226 1078 2291 inferiores
1113 2236 1188 2291 sunt
1222 2229 1480 2312 constituendae,
1501 2247 1531 2295 15

336 2339 510 2418 propterea
532 2328 618 2417 quod
640 2331 730 2395 oneri
752 2328 885 2394 ferendo
902 2350 984 2416 quae
999 2339 1073 2393 sunt
1089 2329 1245 2394 inferiora
1259 2330 1404 2395 firmiora
1426 2331 1481 2396 de-

336 2433 415 2496 bent
437 2453 509 2496 esse
531 2454 628 2518 quam
644 2432 821 2519 superiora,
844 2453 908 2495 non
930 2431 1038 2495 minus
1055 2431 1141 2517 quod
1164 2433 1263 2495 etiarn
1277 2434 1481 2501 nascentium

337 2543 465 2621 oportet
492 2534 614 2597 imitari
643 2544 807 2616 naturam,
841 2543 878 2596 ut
912 2534 947 2596 in
969 2531 1140 2598 arboribus
1168 2533 1344 2617 teretibus,
1374 2534 1481 2600 abiete

277 2677 283 2685 ·
336 2657 491 2724 cupresso
519 2635 608 2721 pinu,
633 2657 650 2696 e
673 2634 790 2722 quibus
812 2632 903 2698 nulla
924 2656 989 2699 non
1012 2636 1151 2698 crassior
1175 2646 1223 2699 est
1244 2635 1286 2698 ab
1303 2635 1480 2716 radicibus,

337 2736 457 2802 deinde
479 2758 553 2798 cum
575 2736 750 2801 crescendo
777 2736 925 2822 procedit
951 2736 987 2798 in
1008 2733 1215 2800 altitudinem
1237 2737 1378 2802 naturali
1406 2761 1479 2802 con·
1499 2759 1532 2805 ao

338 2849 481 2904 tractura
508 2847 723 2927 peraequatur
743 2859 879 2903 nascens
907 2836 950 2900 ad
978 2858 1141 2900 cacumen.
1196 2860 1272 2923 ergo
1306 2841 1334 2903 si
1366 2848 1482 2903 natura

336 2944 541 3007 nascentium
564 2943 610 3006 ita
632 2939 789 3030 postulat,
818 2950 906 3004 recte
934 2948 984 3003 est
1007 2940 1217 3004 constitutum
1245 2950 1276 3003 et
1299 2939 1480 3019 altitudini-

336 3044 398 3109 bus
422 3054 454 3107 et
478 3042 748 3108 crassitudinibus
765 3043 932 3130 superiora
947 3038 1138 3104 inferiorum
1160 3039 1231 3103 fieri
1255 3041 1479 3104 contractiora.

300 3134 324 3220 '4¹
422 3143 637 3209 Basilicarum
659 3144 729 3208 loca
751 3144 904 3209 adiuncta
926 3142 1005 3207 foris
1029 3163 1124 3228 quam
1148 3140 1357 3206 calidissimis
1380 3144 1479 3229 parti-

337 3247 398 3312 bus
421 3256 549 3333 oportet
571 3247 795 3329 constitui,·ut
816 3268 874 3334 per
896 3244 1034 3309 hiemem
1057 3244 1127 3308 sine
1142 3240 1291 3306 molestia
1305 3253 1479 3330 tempesta·
1499 3266 1531 3312 as

336 3350 419 3413 tium
442 3370 478 3413 se
501 3348 647 3413 conferre
669 3350 704 3411 in
726 3369 779 3411 eas
802 3348 1021 3433 negotiatores
1044 3345 1186 3431 possint,
1210 3365 1383 3431 earumque
1406 3345 1479 3411 lati-

338 3448 469 3515 tudines
492 3472 532 3515 ne
554 3452 660 3514 minus
684 3472 780 3537 quam
803 3471 844 3513 ex
866 3450 978 3530 tertia,
1002 3468 1042 3509 ne
1065 3445 1136 3532 plus
1163 3457 1258 3532 quarn
1281 3468 1322 3510 ex
1345 3445 1482 3512 dimidia

337 3550 553 3637 longitudinis
582 3554 837 3631 constituantur,
866 3550 931 3613 nisi
959 3549 987 3611 si
1015 3547 1079 3612 loci
1105 3557 1220 3613 natura
1247 3546 1422 3635 inpedierit
1451 3562 1482 3614 ct

337 3652 433 3719 aliter
466 3655 609 3739 coegerit
647 3653 870 3738 symmetriam
908 3650 1110 3715 commutari.
1166 3651 1218 3715 sin
1250 3659 1358 3715 autem
1391 3650 1480 3717 locus

338 3756 401 3819 erit
427 3753 565 3841 amplior
592 3756 626 3818 in
653 3752 857 3839 longitudine
864 3801 873 3833 ,
907 3750 1087 3815 chalcidica
1114 3753 1150 3814 in
1178 3754 1333 3817 extremis
1362 3754 1479 3816 consti·
1500 3774 1532 3820 ao

406 3930 423 3976 4
445 3926 613 3992 gladiatoria
636 3927 686 3978 GH
709 3924 757 3991 (L,
786 3926 956 3993 gradiatoria
978 3925 1022 3989 lc).
1050 3920 1062 3989 ll
1091 3926 1106 3973 6
1129 3921 1328 3989 menialnaque
1353 3924 1386 3981 G,
1410 3939 1482 3973 moc-

337 4012 450 4077 nianaq3
466 4011 470 4074 1
486 4013 514 4061 Η
537 4009 658 4073 (moenia
681 4025 799 4076 namque
823 4012 871 4069 Μ,
895 4008 1005 4060 moenia
1027 4022 1118 4073 naque
1142 4012 1161 4066 l,
1192 4009 1301 4058 moenia
1329 4011 1417 4071 nique
1442 4010 1479 4065 cle,

338 4096 769 4185 m⁰pnmli1ique=moeniaque
794 4111 848 4176 ὅθ).
872 4108 884 4177 ΙΙ
908 4113 939 4162 13
967 4110 992 4159 ei
1020 4109 1118 4159 dentur
1140 4111 1210 4161 Joc:
1238 4109 1367 4158 iubentur
1393 4109 1469 4157 GH.
1503 4103 1507 4110 ’

1016 4190 1074 4226 ‚utilis

340 4218 577 4313 adbectaculorum
590 4249 638 4298 Hc,
654 4244 666 4314 ll
686 4250 718 4298 14
730 4246 808 4298 utilis
818 4249 847 4297 H
856 4246 939 4310 (Llclz
954 4250 982 4297 et
996 4248 1024 4307 G,
1039 4229 1075 4296 el
1089 4240 1210 4309 60).ll19
1224 4258 1354 4309 cupresso
1369 4240 1478 4306 G(Llc):
1514 4288 1521 4298 .

340 4345 490 4397 cupraessu
509 4333 543 4380 H.
561 4327 573 4397 ΙΙ
589 4333 669 4397 pinu:
687 4334 725 4381 sic
737 4333 794 4382 GH.
819 4328 831 4397 ΙΙ
847 4335 879 4381 20
897 4330 996 4382 deinde
1009 4346 1070 4380 cum
1082 4328 1117 4392 (e)
1131 4327 1280 4378 crescendo
1298 4342 1359 4390 epo:
1379 4326 1479 4376 deinde

340 4414 418 4475 (-de
434 4411 439 4481 Ι
456 4415 488 4478 G)
495 4415 643 4466 crescendo
652 4416 710 4469 GH.
723 4412 735 4482 ΙΙ
747 4416 870 4481 procedit
878 4431 938 4478 epo:
948 4415 1107 4480 proceditur
1117 4412 1210 4474 HtLlc
1218 4408 1294 4476 [uf]),
1306 4411 1480 4476 progreditur
1544 4408 1546 4413 ’

342 4498 362 4547 G
375 4496 433 4560 (W).
445 4496 457 4561 Η
470 4501 501 4548 21
512 4504 694 4564 persequatur
703 4516 762 4564 epo:
775 4505 840 4550 -ta
855 4500 912 4550 GH.
925 4496 937 4564 l]
949 4500 981 4548 25
991 4497 1198 4562 tempestatium
1207 4497 1236 4545 H
1243 4494 1315 4558 (Lc):
1327 4500 1447 4545 —tatum
1460 4496 1481 4545 G

341 4581 385 4647 (t).
404 4579 417 4649 [l
433 4585 464 4632 27
486 4599 538 4648 qua
559 4598 592 4633 ex
610 4592 669 4634 ante
681 4599 750 4635 corr.
765 4584 794 4635 G.
810 4580 822 4650 ll
838 4583 900 4648 plus
913 4598 946 4632 ex
958 4579 1072 4630 dimidia
1087 4580 1136 4630 GH
1150 4579 1240 4643 (quam
1252 4580 1312 4630 add.
1325 4577 1404 4643 loa).
1420 4576 1432 4645 11
1448 4580 1481 4629 28

341 4700 392 4751 aa
412 4701 436 4751 u
454 4699 510 4751 1001
529 4701 655 4764 Hffichl,
674 4702 729 4754 nur
741 4702 796 4754 uu
812 4700 865 4765 aa:
885 4699 939 4751 nar
951 4698 1146 4752 uuamurr.
1161 4699 1190 4748 o.
1214 4694 1225 4765 ll
1248 4701 1281 4751 ao
1293 4660 1420 4751 unsilia
1433 4700 1480 4749 uc.
