3984 5825
668 644 715 690 nn
737 641 1007 691 ancnrrnoruus
1030 644 1099 691 nm.
1122 644 1169 689 vr.
1432 628 1491 692 143

344 806 462 884 quarto
494 797 578 862 libro
604 796 645 862 de
673 795 793 861 doricis
822 798 940 882 scripsi
968 797 1015 860 ita
1041 795 1165 859 moduli
1193 804 1360 860 sumantur
1389 805 1420 860 ct
1448 797 1488 860 ad

344 921 402 963 cos
424 896 573 963 modulos
595 895 899 985 triglyphorumque
921 899 1063 962 rationes
1086 898 1311 984 disponantur.

307 1014 324 1062 ε
432 998 664 1064 Tricliniorum
686 1008 806 1085 quanta
828 998 966 1063 latitudo
989 999 1103 1080 fucrit,
1132 999 1184 1064 bis
1207 1007 1298 1064 tanta
1319 998 1530 1084 longitudov

343 1103 419 1166 fieri
447 1100 593 1166 debebit.
643 1099 834 1165 altitudines
861 1101 1005 1164 oninium
1034 1099 1289 1183 conclaviorum,
1324 1122 1406 1187 quac
1434 1102 1489 1166 ob-

344 1203 445 1289 longa
467 1201 601 1285 fuerint,
624 1202 672 1266 sic
693 1201 813 1266 habere
835 1199 957 1267 debent
978 1202 1138 1265 rationem
1159 1203 1208 1266 uti
1228 1201 1443 1287 longitudinis
1459 1213 1492 1267 et
1510 1219 1526 1266 5

344 1303 533 1370 latitudinis
561 1324 714 1367 mensura
740 1312 952 1389 componatur
979 1313 1012 1368 ct
1040 1325 1082 1366 ex
1111 1325 1149 1366 ca
1171 1325 1297 1367 summa
1319 1303 1492 1368 dimidium

345 1415 495 1470 sumatur
517 1415 550 1469 et
572 1413 727 1492 quantum
742 1403 842 1468 fuerit
855 1413 981 1468 tanturn
996 1403 1163 1469 altitudini
1178 1403 1284 1468 detur.
1318 1407 1492 1470 sinautem

348 1507 491 1572 exedrae
513 1515 569 1572 aut
591 1507 662 1572 oeci
684 1504 835 1592 quadrati
849 1504 988 1586 fuerint,
1017 1505 1200 1570 latitudinis
1223 1504 1360 1569 dimidia
1379 1505 1493 1571 addita

345 1608 540 1674 altitudines
577 1607 766 1672 educantur.
829 1606 1060 1692 pinacothecae
1103 1609 1152 1671 uti
1195 1606 1336 1671 exedrae
1375 1606 1491 1694 amplis

345 1696 629 1795 magnitudinibus
652 1717 729 1774 sunt
751 1707 1007 1772 constituendae.
1051 1709 1121 1772 oeci
1141 1708 1294 1773 corinthii
1313 1709 1490 1797 tetrastyli·
1512 1726 1543 1774 10

347 1833 412 1898 que
435 1811 556 1898 quique
579 1811 726 1897 aegyptii
747 1819 907 1875 vocantur
933 1808 1117 1873 latitudinis
1141 1819 1173 1873 et
1200 1809 1415 1896 longitudinis
1443 1813 1491 1875 uti

347 1934 447 1999 snpra
469 1911 685 1976 tricliniorum
706 1912 915 1998 symmetriae
937 1913 1079 1998 scriptae
1102 1920 1187 1993 sunt,
1210 1912 1257 1975 ita
1279 1911 1419 1977 habeant
1440 1933 1490 1975 ra-

348 2016 486 2098 tionem,
516 2012 575 2078 sed
596 2021 730 2100 propter
750 2013 974 2078 columnarum
996 2014 1260 2100 interpositiones
1283 2015 1491 2099 spatiosiores

311 2131 328 2178 a
350 2117 601 2183 constituantur.
644 2116 731 2179 inter
752 2116 930 2180 corinthios
951 2124 1061 2179 autem
1090 2124 1121 2178 et
1143 2117 1314 2202 aegyptios
1342 2115 1404 2179 hoc
1431 2117 1492 2180 en‘t

348 2217 536 2282 discrimen.
575 2217 728 2281 corinthii
750 2216 914 2303 simplices
935 2216 1077 2281 habeant
1093 2213 1259 2282 columnas
1273 2227 1330 2280 aut
1344 2218 1379 2280 in
1394 2216 1492 2302 podio
1514 2236 1543 2283 15

348 2317 472 2406 positas
499 2327 556 2383 aut
585 2319 620 2383 in
647 2318 729 2400 imo,
757 2341 920 2405 supraque
947 2318 1089 2383 habeant
1116 2317 1269 2404 epistylia
1297 2327 1329 2381 et
1357 2340 1491 2383 coronas

348 2429 406 2484 aut
428 2440 472 2484 ex
493 2421 650 2485 intestino
678 2440 775 2506 opere
797 2429 855 2483 aut
875 2418 1017 2501 albario,
1047 2430 1214 2506 praeterea
1237 2442 1335 2506 supra
1357 2441 1491 2484 coronas

349 2543 452 2586 curva
473 2520 640 2585 lacunaria
660 2521 703 2584 ad
726 2520 884 2584 circinum
907 2519 1106 2586 delumbata.
1142 2523 1177 2585 in
1197 2523 1361 2608 aegyptiis
1383 2532 1492 2586 autem

348 2645 449 2710 supra
470 2621 636 2687 columnas
659 2621 814 2709 epistylia
836 2631 867 2686 et
889 2622 930 2687 ah
947 2621 1111 2710 epistyliis
1126 2622 1169 2685 ad
1183 2624 1323 2708 parietes
1346 2625 1493 2709 quisunt

348 2726 436 2788 circa
457 2723 643 2811 inponenda
665 2733 714 2789 est
736 2725 947 2809 contignatio,
971 2746 1070 2810 supra
1085 2725 1310 2788 coaxationem
1325 2726 1491 2810 pavimen·
1511 2743 1543 2791 ‘20

346 2837 436 2909 tum,
464 2825 525 2890 sub
554 2825 612 2889 diu
638 2835 674 2890 ut
702 2827 745 2889 sit
767 2827 932 2890 circuitus.
976 2825 1096 2889 deinde
1118 2847 1217 2910 supra
1239 2824 1428 2913 epistylium
1450 2826 1491 2889 ad

348 2927 619 3016 perpendicrdum
645 2927 836 2994 inferiorum
863 2926 1083 2991 columnarum
1111 2926 1315 3013 inponendae
1338 2938 1412 2992 sunt
1434 2930 1491 2990 nri-

346 3051 445 3095 nores
467 3040 582 3117 quarta
604 3039 697 3115 parte
719 3028 897 3093 columnae.
942 3050 1041 3114 supra
1070 3049 1179 3091 carum
1207 3026 1360 3113 epistylia
1388 3038 1419 3091 et
1442 3051 1491 3092 or-

346 3139 502 3196 namenta
533 3129 708 3196 lacunariis
741 3140 897 3196 ornantur
929 3140 961 3194 et
992 3133 1079 3195 inter
1111 3128 1275 3194 columnas
1310 3130 1492 3216 superiores

346 3234 512 3298 fenestrae
534 3232 753 3315 conlocantur,
775 3234 822 3296 ita
843 3232 1052 3297 basilicarum
1075 3252 1113 3295 ea
1135 3229 1331 3314 similitudo,
1359 3253 1425 3295 non
1440 3252 1491 3295 co·
1510 3248 1542 3296 aa

297 3354 329 3402 10
346 3334 546 3400 rinthiorum
559 3333 786 3416 tricliniorum,
809 3333 1038 3399 videturesse.
1073 3332 1155 3398 fiunt
1176 3341 1285 3397 autem
1308 3333 1405 3397 etiam
1427 3355 1492 3397 non
1505 3349 1542 3399 vl

346 3436 488 3509 Italicae
509 3436 755 3503 consuetudinis
777 3437 858 3518 oeci,
881 3458 962 3522 quos
978 3435 1097 3500 Graeci
1112 3434 1293 3522 Cyzicenos
1315 3434 1493 3523 appellant.

346 3539 385 3603 hi
406 3536 618 3603 conlocantur
639 3546 823 3624 spectantes
842 3537 885 3601 ad
901 3539 1154 3624 septentrionem
1169 3546 1201 3601 et
1215 3537 1357 3600 maxime
1372 3537 1493 3601 viridia

346 3639 603 3728 prospicientes,
632 3638 811 3724 valvasque
838 3638 961 3702 habent
982 3640 1017 3702 in
1039 3638 1158 3704 medio.
1201 3638 1266 3725 ipsi
1287 3649 1395 3704 autem
1418 3649 1493 3704 sunt

346 3744 397 3807 ita
419 3740 510 3827 longi
533 3750 565 3806 et
586 3738 645 3806 lati
667 3742 715 3805 uti
741 3740 805 3806 duo
827 3740 971 3805 triclinia
998 3762 1071 3804 cum
1099 3742 1379 3806 circumitionibus
1407 3742 1492 3805 inter
1508 3758 1540 3805 3)

418 4016 436 4066 4
453 4014 671 4068 conclariorum:
689 4020 727 4067 stc
746 4014 804 4067 611.
827 4010 840 4081 11
862 4014 879 4066 8
897 4015 1035 4068 exhedrae
1055 4016 1105 4068 611
1118 4014 1161 4082 (L,
1182 4013 1300 4067 exedras
1318 4014 1359 4080 Ic).
1384 4010 1397 4081 ΙΙ
1419 4016 1434 4065 9
1454 4015 1492 4066 al-

346 4100 485 4152 titudiues
499 4102 505 4162 Ι
520 4098 655 4152 educant²
674 4099 856 4166 pinacothece
876 4100 898 4150 6
904 4116 911 4150 r
935 4100 1081 4151 altitudine
1100 4101 1234 4150 seducant
1256 4101 1365 4164 turpina
1381 4100 1386 4162 Ι
1402 4100 1492 4150 cothe-

348 4201 403 4237 cse
421 4185 453 4235 H
468 4184 629 4248 (altitudine
647 4184 782 4237 seducant
798 4185 911 4249 turpina
928 4185 1042 4251 cetheco
1061 4186 1121 4242 Llc,
1144 4186 1194 4234 nisi
1210 4186 1279 4250 qued
1295 4199 1324 4235 se
1343 4184 1446 4235 ducant
1462 4187 1491 4243 L,

348 4270 467 4335 cethaee
485 4286 509 4335 c,
520 4270 689 4321 ¹altitudines
701 4270 821 4320 educant
833 4270 943 4334 turpine
957 4271 1069 4321 cothcce
1082 4269 1118 4332 Ιι).
1141 4263 1152 4334 ll
1176 4268 1313 4318 exhedrae
1333 4271 1383 4320 GH
1401 4268 1490 4337 (11111

349 4357 382 4405 11
403 4353 562 4406 latitudinis
580 4358 608 4405 et
625 4354 806 4419 longitudinis
823 4354 892 4404 doe:
917 4370 999 4403 —nes
1021 4354 1154 4419 utrobique
1174 4353 1232 4402 GH.
1262 4349 1274 4420 ΙΙ
1303 4357 1334 4404 13
1356 4354 1493 4418 spatiores

351 4438 382 4490 6.
407 4435 420 4504 ΙΙ
444 4441 475 4489 15
492 4438 616 4490 habeant
638 4439 675 4490 L:
698 4438 804 4488 habent
827 4439 879 4489 GH
900 4436 953 4503 (Ic).
976 4434 988 4503 ll
1013 4437 1196 4488 rehabeant:
1219 4440 1257 4487 sie
1276 4438 1334 4490 611.
1358 4434 1370 4502 ΙΙ
1390 4440 1420 4487 21
1441 4439 1491 4488 sub

351 4522 399 4571 diu
419 4522 470 4572 GH
487 4521 549 4586 (sub
567 4523 632 4574 divo
650 4520 718 4589 Llc).
736 4521 748 4589 ΙΙ
768 4524 801 4572 22
820 4523 993 4587 inponendae
1015 4521 1065 4571 GH
1084 4522 1125 4584 (L.
1145 4521 1335 4585 inpendendus
1354 4526 1377 4570 Ic
1397 4519 1455 4588 [1]).
1478 4519 1490 4589 Η

351 4608 386 4678 23
404 4606 547 4658 columnae
566 4608 601 4673 (Δ
619 4614 644 4657 et
661 4606 740 4666 ediis
759 4606 886 4657 columna
905 4608 955 4658 611
972 4604 1042 4672 (let).
1068 4601 1079 4671 {l
1102 4607 1134 4656 27
1153 4606 1210 4655 oeti
1228 4614 1287 4656 ante
1305 4623 1373 4659 corr.
1393 4602 1492 4672 61128

352 4690 402 4740 Hii
420 4692 454 4743 H.
477 4688 489 4759 ΙΙ
512 4694 546 4743 29
564 4691 662 4744 salbas
680 4693 716 4744 H.
739 4689 752 4760 ΙΙ
773 4692 878 4743 habent
898 4694 923 4742 H
942 4690 1024 4756 (Ηώς
1044 4690 1178 4741 habentes
1193 4691 1222 4744 6.
1245 4687 1258 4759 ΙΙ
1280 4695 1313 4743 30
1325 4706 1387 4742 eum
1399 4706 1447 4745 om.
1462 4691 1492 4747 G.
