3984 5825
611 699 657 747 nn
685 698 952 748 Ancmrscnuus
977 699 1045 746 ms.
1070 700 1120 746 rx.
1374 686 1437 749 229

317 859 417 940 aquarii
430 877 528 941 supra
540 855 614 940 equi
627 854 754 940 capitis.
769 853 843 938 oqui
856 851 996 935 ungulae
1008 853 1173 935 attingunt
1184 854 1309 937 aquarii
1319 877 1435 937 granna.

317 955 449 1046 Cassiope
472 956 580 1020 media
603 964 652 1019 est
674 954 836 1018 dedicata.
871 954 1050 1039 capricorni
1068 976 1165 1039 supra
1181 955 1215 1016 in
1230 953 1436 1020 altitudinem

312 1061 401 1145 aquila
423 1071 455 1125 ot
478 1057 662 1146 delphinus.
700 1056 878 1120 secundum
901 1077 955 1119 oos
980 1065 1029 1119 est
1051 1055 1182 1139 sagitta.
1219 1055 1261 1119 ab
1277 1078 1315 1119 ea
1329 1068 1437 1121 autem

310 1159 444 1244 volucris,
468 1161 560 1225 cuius
584 1179 690 1246 penna
713 1156 831 1221 dextra
846 1155 969 1242 Cephei
992 1179 1122 1220 manum
1145 1158 1279 1242 attingit
1300 1168 1332 1223 et
1347 1182 1436 1246 scop-

305 1268 390 1346 trum,
412 1263 505 1327 laeva
521 1282 619 1348 supra
634 1259 812 1346 Cassiopae
834 1257 995 1322 innititur.
1033 1257 1094 1322 sub
1116 1258 1187 1321 avis
1211 1259 1315 1323 cauda
1337 1262 1437 1346 pedes
1456 1277 1472 1324 5

271 1366 371 1449 loqui
392 1374 466 1430 sunt
489 1362 640 1428 subiecti.
685 1360 762 1425 inde
785 1359 946 1444 sagittarii
975 1360 1155 1447 scorpionis
1178 1359 1283 1425 librae
1305 1363 1438 1450 insuper

294 1484 426 1552 serpens
463 1487 588 1531 summo
625 1471 729 1527 rostro
766 1483 918 1526 coronam
951 1462 1068 1546 tangit.
1127 1469 1160 1525 at
1194 1484 1264 1525 eam
1297 1463 1438 1527 mediam

291 1565 474 1649 ophiuchos
497 1568 532 1631 in
554 1564 705 1629 manibus
734 1572 823 1627 tenet
851 1573 1051 1649 serpentem,
1082 1563 1175 1628 laevo
1204 1563 1287 1651 pede
1310 1563 1437 1628 calcans

288 1670 435 1735 mediam
462 1667 603 1733 frontem
631 1664 820 1753 scorpionis.
874 1686 893 1727 a
921 1675 1014 1750 parto
1041 1663 1194 1749 ophiuchi
1229 1667 1343 1753 capitis
1373 1689 1437 1731 non

285 1758 390 1856 longe
412 1771 554 1859 positum
583 1777 632 1833 est
662 1777 759 1853 caput
787 1767 857 1830 eius
885 1765 941 1850 qui
968 1763 1089 1829 dicitur
1116 1766 1206 1831 nisus
1231 1769 1265 1830 in
1285 1766 1435 1852 genibus.
1457 1783 1487 1831 lo

285 1882 404 1939 0erum
425 1882 534 1938 autem
556 1867 720 1934 faciliores
744 1877 819 1933 sunt
842 1868 984 1955 capitum
1007 1869 1147 1931 vertices
1175 1868 1218 1932 ad
1241 1892 1436 1955 cognoscen-

253 1962 388 2060 ⁵tlum‚
416 1973 503 2062 quod
529 1995 594 2038 non
617 1970 764 2036 obscuris
789 1967 892 2033 stellis
922 1977 997 2032 sunt
1020 1969 1222 2035 conformati.
1267 1995 1324 2060 pos
1348 1973 1436 2056 ingo-

287 2072 428 2143 ¹1ieulati
455 2076 498 2140 ad
528 2075 597 2139 eius
626 2071 760 2137 fulcitur
788 2071 904 2158 eapitis
933 2079 1060 2158 tempus
1083 2072 1259 2156 serpentis,
1280 2073 1341 2138 cui
1363 2083 1438 2138 sunt

288 2186 402 2247 arctoe
430 2200 488 2243 sou
516 2177 572 2263 qui
600 2174 837 2262 septentriones
866 2171 1020 2237 dicuntur
1048 2171 1205 2259 inplicati.
1257 2197 1357 2262 parve
1381 2198 1438 2263 per

294 2290 354 2345 0os
373 2282 514 2347 flectitur
535 2277 720 2364 delphinus.
766 2283 879 2339 contra
907 2273 1049 2339 volucris
1080 2284 1221 2339 rostrum
1250 2286 1299 2341 cst
1321 2300 1435 2364 propo·
1457 2296 1488 2342 15

294 2381 361 2448 sia
387 2384 468 2472 lyra.
520 2381 605 2444 inter
637 2399 765 2442 umeros
798 2375 943 2441 custodis
972 2386 1004 2442 et
1033 2375 1211 2463 geniculati
1242 2400 1361 2443 corona
1388 2389 1437 2445 cst

293 2484 453 2551 ordinata.
504 2484 539 2547 in
566 2478 814 2567 septentrionali
841 2500 919 2544 voro
948 2478 1069 2552 circulo
1097 2479 1180 2543 duae
1208 2483 1334 2568 positae
1361 2491 1437 2546 sunt

290 2597 402 2653 arctoe
429 2582 636 2672 scapulanmi
663 2582 769 2648 dorsis
798 2581 884 2646 inter
911 2602 946 2644 se
973 2583 1173 2668 compositae
1196 2592 1228 2644 et
1250 2583 1436 2668 pectoribus

289 2702 441 2770 aversae,
476 2685 635 2772 equibus
664 2685 768 2748 minor
791 2699 985 2765 κυνοσυυρα
1012 2683 1115 2745 maior
1143 2685 1235 2765 ελικη
1257 2706 1277 2746 a
1300 2683 1435 2748 Graecis

290 2789 492 2879 appellatur,
523 2807 697 2871 earumque
726 2787 832 2873 capita
859 2785 944 2848 inter
970 2806 1005 2846 se
1027 2783 1235 2870 dispicientia
1263 2794 1339 2848 sunt
1362 2807 1435 2848 eon-
1455 2803 1488 2848 ao

295 2896 418 2961 stituta.
463 2889 586 2956 caudae
613 2886 775 2976 capitibus
803 2908 912 2951 carum
939 2885 1098 2949 adversae
1126 2892 1237 2949 contra
1259 2885 1436 2973 dispositae

299 2996 485 3083 figurantur.
529 3001 741 3077 utrarumque
763 2992 849 3055 enim
872 2986 1054 3076 superando
1077 2987 1220 3051 eminent
1242 2988 1276 3051 in
1298 3010 1434 3052 summo.

300 3185 524 3198 —.-—-—-

363 3310 374 3357 1
396 3300 678 3370 aquariiJ-aquarii
696 3316 743 3351 om.
768 3300 789 3350 G
812 3298 872 3362 (nou
893 3298 939 3361 Ε),
964 3300 1012 3347 sed
1033 3299 1058 3345 in
1078 3312 1157 3361 moro.
1180 3299 1265 3362 suppl.
1289 3298 1331 3349 6⁶.
1356 3292 1368 3361 Η
1391 3312 1434 3345 ca·

298 3394 362 3458 pitis
395 3388 460 3454 (scil.
488 3383 658 3450 simulatum)
693 3385 777 3437 EGH.
806 3381 818 3448 Η
846 3382 978 3444 ungulae:
1009 3383 1046 3429 sic
1073 3381 1152 3431 EGII
1182 3378 1338 3444 (auriculae
1367 3381 1435 3433 Mor.

297 3494 348 3526 rtem
372 3473 451 3536 aas).
479 3470 492 3540 Η
518 3486 620 3538 genna:
648 3473 687 3519 sio
714 3469 792 3519 ael!
822 3467 961 3531 (lagenam
989 3464 1083 3528 Mau).
1112 3462 1124 3531 Η
1153 3466 1278 3531 cassiope
1304 3466 1330 3514 ΙΙ
1352 3461 1435 3528 (Llr):

298 3562 375 3628 —pio
401 3559 457 3610 EG.
476 3555 488 3625 Η
506 3560 522 3607 4
540 3556 661 3607 volucris
679 3555 706 3607 d:
726 3552 845 3604 volueris
866 3551 942 3601 sel!
961 3549 1039 3612 (MC).
1067 3546 1079 3615 Η
1108 3566 1198 3615 penna
1216 3551 1327 3601 sceva:
1351 3549 1437 3614 pinna

299 3646 374 3696 sel!
393 3641 461 3707 (Le).
485 3638 497 3708 Η
520 3641 617 3706 sephei
637 3640 692 3694 EG.
716 3638 728 3705 Η
751 3636 940 3701 boassiopine
962 3635 1045 3688 rell.
1068 3630 1080 3700 Η
1104 3635 1256 3686 sssnbiecti
1274 3636 1354 3686 Ibit:
1374 3635 1437 3683 sub-

298 3730 363 3780 tecti
384 3729 467 3778 ΕΘΗ.
496 3724 507 3794 Η
535 3729 550 3777 7
572 3729 602 3775 at
625 3739 684 3774 eam
706 3722 837 3773 mediam:
867 3721 965 3771 adeum
987 3719 1105 3770 medium
1131 3720 1213 3769 EGH.
1242 3716 1253 3786 Η
1280 3723 1295 3770 9
1319 3736 1334 3767 u
1358 3723 1436 3784 parte

297 3831 354 3881 epo:
386 3817 493 3879 partem
517 3808 588 3877 (-te
607 3808 676 3873 EG).
704 3804 716 3873 11
746 3810 777 3856 10
800 3806 876 3855 nisus
901 3805 978 3856 Pau:
1007 3819 1103 3854 nessus
1131 3804 1214 3856 EGH.
1241 3801 1253 3870 Η
1281 3803 1435 3868 ingonibus.

298 3913 389 3950 eornm
409 3901 503 3949 autom
522 3896 599 3946 Pata:
619 3892 767 3958 ingenibus
786 3895 877 3939 alitem
901 3904 993 3939 eorum
1015 3889 1097 3937 ΕΘΗ.
1121 3883 1133 3953 Η
1158 3891 1188 3937 13
1213 3888 1246 3936 ad
1269 3887 1327 3936 cius
1351 3887 1434 3935 Mam:

299 3984 361 4034 adiu
383 3981 467 4033 KGH.
493 3978 505 4047 Η
527 3979 572 4031 cui
594 3981 775 4029 sunt.arctoo
798 3990 845 4024 seu
865 3975 910 4038 qui
935 3990 994 4037 epo:
1024 3972 1102 4021 cuius
1122 3972 1233 4020 arcturo
1253 3968 1355 4032 (-rum
1377 3968 1434 4026 EG)

299 4070 343 4134 qui
364 4067 449 4118 EGH.
469 4061 481 4132 Η
505 4067 537 4115 14
555 4062 680 4130 inplicati
705 4076 762 4125 epo:
786 4063 864 4108 -tus
889 4058 973 4110 ΕΘΗ.
997 4053 1009 4122 Η
1037 4055 1246 4122 parve-lyra:
1274 4054 1336 4102 daec
1355 4067 1436 4116 supro

298 4159 354 4217 pos!
373 4150 458 4216 psdss
477 4151 540 4213 equi
558 4152 622 4199 sunt
640 4146 757 4197 snbieoti
776 4146 881 4193 inseruit
900 4144 969 4193 Mor.
990 4143 1034 4204 (ef.
1049 4138 1146 4203 Solent.
1168 4136 1181 4205 Η
1204 4141 1235 4189 15
1247 4137 1368 4188 volueris
1381 4138 1434 4187 ert:

299 4237 419 4288 volueris
440 4235 516 4285 EGH
534 4229 586 4296 (LI.
604 4233 721 4283 volvens
738 4229 789 4287 cdl,
807 4229 840 4290 rs.
853 4246 875 4279 o.
895 4230 920 4280 4.
943 4221 955 4291 Η
979 4230 1022 4275 ost
1041 4225 1065 4289 (ὖ
1085 4224 1115 4286 G)
1137 4221 1197 4274 Ee:
1216 4240 1261 4271 om.
1283 4222 1310 4269 II
1329 4218 1408 4283 (Llr).
1422 4216 1434 4286 Η

270 4325 272 4330 ’
301 4326 330 4373 ld
353 4320 495 4386 genuclsti
521 4318 597 4368 sel!
625 4315 677 4377 (eb,
701 4313 791 4362 -dati
810 4316 829 4368 l,
854 4311 957 4374 -gluti
984 4308 1025 4372 h).
1054 4304 1066 4373 Η
1094 4323 1195 4357 corona
1222 4309 1276 4357 ed:
1309 4307 1438 4355 coronata

300 4411 399 4469 (·-tam
419 4403 455 4469 E)
474 4402 552 4453 EGH
569 4401 681 4463 (corona
699 4401 764 4449 item
779 4396 869 4459 Mum).
886 4394 898 4462 Η
916 4397 946 4445 17
965 4393 1092 4444 ordinata
1106 4393 1225 4441 l'crroull
1244 4386 1305 4456 lf‘lss
1328 4390 1437 4438 orinata

302 4493 326 4540 H
345 4489 430 4556 (hle),
449 4486 627 4552 ornstsREG.
655 4482 666 4547 ll
695 4486 727 4534 18
751 4485 844 4532 arctoo
865 4482 891 4529 H
910 4479 956 4542 (Ic,
981 4479 1061 4525 -tae
1081 4472 1132 4539 L),
1151 4479 1212 4539 —to
1239 4474 1291 4525 EG.
1314 4469 1326 4538 Η
1351 4472 1437 4522 dorsis

302 4593 389 4644 EGH⁶
407 4587 474 4653 (ΜΗ
493 4568 609 4651 dolorsrs
630 4586 657 4636 II
676 4584 802 4649 (dolorsis
824 4582 873 4646 Ιλ).
897 4578 908 4646 Η
934 4583 964 4628 19
988 4592 1124 4643 cynosura
1209 4574 1298 4624 helico
1320 4574 1405 4626 EGII.
1422 4571 1433 4638 Η

298 4680 331 4726 no
348 4673 539 4741 dispicientia:
562 4675 599 4722 sie
617 4671 703 4723 EGH.
729 4667 740 4735 Η
763 4671 793 4718 21
818 4669 914 4717 contra
936 4661 997 4727 (ab.
1019 4661 1049 4725 G)
1073 4660 1240 4726 dispositae:
1263 4662 1300 4709 sir
1323 4660 1408 4710 EGH.
1423 4657 1434 4718 Η

298 4763 330 4812 22
352 4764 528 4824 utrarumque
547 4758 676 4819 Ilers'npo:
696 4757 870 4817 utrorumque
890 4747 975 4800 EGH.
