3984 5825
699 661 746 707 nn
768 660 1036 709 nacrnrncruua
1059 663 1128 710 me.
1153 664 1188 709 rr.
1472 650 1511 713 61

370 813 519 897 egregios
548 813 583 875 in
610 813 769 877 aedificiis
797 814 838 876 ad
862 814 1109 879 diuturnitatem
1139 824 1282 900 praestat
1304 839 1393 898 usus,
1418 817 1513 881 etde

369 912 556 996 biarchus,
580 915 851 1001 quemadmodum
874 915 1047 981 videantur
1070 914 1245 982 elocorum
1260 918 1513 1004 proprietatibus

367 1015 489 1080 habere
516 1015 598 1080 vitia
619 1025 676 1080 aut
698 1017 859 1100 virtutes,
887 1019 937 1082 uti
959 1019 1026 1081 sint
1048 1018 1330 1083 considerantibus
1352 1021 1513 1106 apertiora

336 1137 540 1205 rexponam.
590 1119 709 1184 montis
737 1119 927 1207 Appennini
956 1120 1081 1206 primae
1108 1119 1235 1185 radices
1263 1120 1304 1184 ab
1333 1120 1555 1208 Tyrrenicox

369 1220 451 1283 mari
481 1219 568 1283 inter
602 1217 705 1306 Alpes
739 1228 771 1285 et
799 1230 961 1286 extremas
990 1221 1143 1285 Etruriae
1175 1223 1326 1305 regiones
1355 1224 1547 1291 annutans

369 1321 438 1386 eius
466 1341 545 1386 vero
572 1322 692 1385 montis
714 1322 826 1406 iugum
851 1345 886 1387 se
909 1324 1133 1410 circumagens
1156 1333 1188 1388 et
1210 1324 1317 1387 media
1339 1334 1513 1389 curvatura

369 1443 469 1510 prope
491 1430 629 1507 tangens
651 1444 723 1487 oras
746 1424 843 1487 maris
866 1422 1029 1489 Hadriani
1052 1416 1210 1513 pertingit
1232 1426 1512 1491 circumitionibus

369 1534 482 1589 contra
510 1522 639 1588 fretum.
694 1513 805 1611 itaqu'e
835 1526 965 1591 citerior
992 1528 1061 1592 eius
1091 1536 1265 1591 curvatura
1295 1551 1378 1615 quac
1406 1530 1514 1613 vergit

368 1625 411 1689 ad
434 1625 589 1690 Etruriae
611 1626 872 1714 Campaniaeque
894 1629 1044 1713 regiones
1067 1629 1186 1715 apricis
1215 1638 1264 1694 est
1286 1629 1512 1716 potestatibus.

368 1747 508 1814 namque
535 1728 676 1815 impetus
706 1726 805 1792 habet
832 1738 1007 1815 perpetuos
1028 1729 1071 1792 ad
1095 1729 1172 1795 solis
1196 1753 1334 1794 cursum.
1378 1731 1513 1796 ulterior
1532 1752 1564 1800 10

367 1837 477 1893 autem
506 1849 589 1915 quae
617 1838 666 1893 est
687 1828 868 1916 proclinata
890 1831 932 1894 ad
955 1853 1108 1917 superum
1130 1853 1233 1915 maro,
1268 1832 1513 1919 septentrionali

368 1930 495 2015 regioni
524 1930 670 1995 subiecta
698 1932 882 1996 continetur
910 1932 1072 1998 umbrosis
1102 1942 1133 1997 et
1155 1935 1264 2019 opacis
1287 1936 1512 2023 perpetuitati·

368 2032 440 2098 bus.
499 2032 611 2118 itaque
646 2053 730 2120 quae
762 2033 797 2096 in
831 2054 869 2096 ea
902 2043 994 2122 parte
1028 2044 1205 2100 nascuntur
1236 2036 1368 2101 arbores
1402 2037 1513 2100 umida

368 2141 530 2221 potestate
566 2135 708 2198 nutritae
744 2157 808 2200 non
845 2133 947 2198 solum
985 2136 1075 2222 ipsae
1111 2146 1271 2221 augentur
1303 2137 1512 2226 amplissimis

369 2234 671 2321 magnitudinibus,
709 2236 767 2302 sed
810 2257 920 2300 eaurm
957 2226 1085 2325 quoque
1124 2261 1227 2303 venae
1263 2241 1383 2304 umoris
1420 2242 1513 2327 copia
1533 2261 1563 2307 ra

370 2335 513 2425 repletae
527 2344 695 2422 turgentes
712 2336 847 2424 liquoris
868 2338 1069 2403 abundantia
1084 2349 1280 2405 saturantur.
1311 2364 1383 2407 cum
1405 2353 1513 2406 autem

371 2439 501 2504 excisae
536 2447 569 2502 et
601 2437 729 2504 dolatae
757 2438 892 2503 vitalem
922 2448 1116 2527 potestatem
1143 2445 1328 2527 amiserint,
1358 2467 1513 2508 venarum

370 2542 477 2626 rigore
493 2549 702 2627 permanente
724 2540 932 2606 siccescendo
955 2550 1087 2630 propter
1108 2546 1274 2609 raritatem
1296 2546 1378 2611 fiunt
1400 2548 1513 2610 inanes

371 2652 403 2706 et
425 2641 584 2707 evanidae
596 2691 605 2725 ,
633 2641 771 2730 ideoque
793 2645 834 2737 in
861 2643 1020 2710 aediliciis
1048 2668 1113 2710 non
1140 2657 1277 2733 possunt
1299 2646 1419 2712 habere
1442 2649 1511 2714 diu-

335 2744 569 2809 eternitatem.
618 2766 700 2831 quae
728 2754 837 2811 autern
864 2745 906 2808 ad
934 2744 1010 2810 solis
1034 2768 1164 2812 cursum
1187 2730 1409 2834 spectantibus
1432 2749 1510 2815 locis
1530 2768 1563 2815 to

370 2854 592 2936 procreantur,
614 2869 680 2911 non
694 2846 849 2913 habentes
865 2847 1121 2913 interveniorum
1136 2850 1285 2916 raritates
1309 2852 1511 2917 siccitatibus

371 2957 525 3015 exsuctae
548 2947 745 3034 solidantur,
775 2950 851 3036 quia
881 2950 929 3016 sol
951 2972 1016 3014 non
1038 2952 1134 3015 modo
1162 2961 1312 3016 exterra
1339 2951 1512 3018 lambendo

371 3052 428 3116 sed
451 3051 550 3117 etiam
573 3073 615 3115 ex
635 3050 808 3117 arboribus
831 3052 940 3116 educit
961 3074 1100 3117 umores.
1145 3054 1254 3139 itaque
1276 3075 1358 3139 quae
1380 3063 1456 3118 sunt
1478 3056 1512 3118 in

369 3153 489 3239 apricis
521 3152 709 3238 regionibus
742 3153 857 3239 spissis
892 3176 1047 3219 venarum
1078 3153 1307 3219 crebritatibus
1342 3153 1511 3239 solidatae,

370 3276 436 3320 non
468 3253 590 3319 habent
619 3276 661 3319 ex
687 3276 799 3320 umore
830 3256 1007 3321 raritatem.
1057 3278 1140 3343 quae
1168 3278 1241 3321 cum
1274 3257 1308 3320 in
1339 3258 1507 3321 materiem
1527 3273 1559 3321 25

370 3354 589 3442 perdolenter,
611 3356 754 3421 reddunt
775 3378 909 3441 magnas
931 3357 1090 3424 utilitates
1112 3358 1388 3423 advetustatem.
1438 3360 1511 3425 ideo

438 3701 530 3752 Bsint
553 3701 625 3753 dea:
653 3704 749 3751 essent
776 3699 854 3763 (sens
881 3699 913 3766 θ)
943 3701 1002 3752 GH.
1030 3698 1043 3768 ss
1068 3703 1236 3768 lexpnnem
1263 3704 1317 3757 eda
1347 3719 1511 3770 exponerem

371 3781 531 3848 (-n0rse)
556 3783 615 3838 GH.
638 3780 652 3853 ss
673 3785 775 3836 montis
798 3786 852 3835 ed:
871 3790 978 3836 montes
996 3786 1025 3835 H
1044 3782 1128 3851 (hle),
1148 3788 1242 3838 mortis
1260 3787 1320 3852 (ric)
1340 3789 1369 3842 G.
1392 3785 1404 3856 ΙΙ
1428 3805 1511 3854 apen-

370 3869 429 3919 nini
448 3868 478 3924 0.
502 3865 515 3937 ΙΙ
535 3868 693 3935 tyrrhenica
712 3870 741 3920 H
759 3868 897 3935 (—renico
911 3869 1021 3932 Heme),
1040 3870 1202 3934 thyrhenico
1223 3873 1251 3922 (ι’.
1274 3868 1287 3937 ΙΙ
1310 3873 1416 3923 tiator
1428 3873 1512 3937 Alpes

371 3957 400 4003 et
428 3957 565 4005 extremas
587 3955 673 4006 Hodes
699 3954 802 4019 inalpis
825 3960 854 4005 et
876 3956 1044 4005 inextremas
1071 3955 1129 4005 GH.
1158 3952 1170 4020 ΙΙ
1198 3958 1212 4007 7
1236 3956 1364 4006 lredriani
1387 3957 1415 4005 H
1442 3955 1511 4020 (ιὼς

371 4036 481 4088 adriani
499 4037 521 4088 θ
539 4036 600 4103 (cd).
624 4034 637 4106 ll
658 4041 674 4089 9
693 4039 815 4103 regionis
833 4047 893 4090 ante
910 4055 979 4090 corr.
1000 4040 1035 4089 H.
1057 4036 1070 4106 ΙΙ
1093 4041 1125 4089 12
1137 4040 1245 4105 regioni
1258 4037 1353 4103 (GcL):
1373 4056 1440 4090 -ne
1461 4041 1511 4090 GH

370 4120 442 4185 (rect,
461 4123 539 4174 —nis
558 4122 592 4188 c).
613 4119 626 4189 ΙΙ
647 4124 679 4173 16
697 4122 820 4188 repletae
840 4129 983 4189 turgentes
1008 4121 1295 4189 (=repl&&nrgentes
1313 4124 1360 4188 L)=
1384 4124 1510 4189 repletae

372 4203 448 4269 (-te
468 4207 499 4270 G,
516 4211 580 4273 -ts
599 4204 619 4274 l)
637 4212 770 4273 urgentes
790 4207 840 4258 GH
859 4209 887 4273 (l,
907 4208 1010 4273 replete
1027 4206 1031 4269 Ι
1047 4213 1178 4273 urgentes
1197 4209 1238 4271 cle,
1259 4207 1362 4274 replete
1385 4210 1509 4272 urgentis

371 4288 427 4355 0⁶).
451 4286 464 4357 ΙΙ
487 4292 519 4341 17
543 4292 686 4342 emiserint
708 4293 759 4342 GH
777 4290 860 4355 (aar
889 4293 1042 4347 emiserunt
1065 4293 1108 4341 6⁶.
1133 4288 1144 4357 l]
1169 4294 1200 4343 18
1223 4297 1402 4356 permanente
1421 4294 1509 4343 Pera:

370 4379 564 4438 permanentes
584 4376 642 4429 GH.
665 4372 677 4443 l}
700 4375 875 4427 siccescendo
899 4377 940 4427 Hc
957 4376 1017 4441 (L):
1042 4376 1213 4427 sicciscendo
1234 4377 1298 4426 Get
1314 4384 1372 4427 aare
1396 4393 1463 4428 corr.
1484 4379 1511 4428 H

370 4457 424 4521 (lc).
447 4456 460 4526 ΙΙ
482 4462 517 4511 20
534 4461 570 4511 ab
590 4460 656 4511 solis
675 4475 782 4511 cursum
804 4463 836 4510 lc.
860 4457 872 4526 ΙΙ
900 4464 932 4512 21
956 4462 1170 4512 interveniorum
1187 4461 1256 4512 doe:
1285 4461 1356 4511 inter
1378 4475 1511 4512 venarum

371 4543 430 4594 OH.
454 4540 467 4610 Η
489 4546 528 4595 22
542 4549 654 4611 exsucta
676 4545 727 4595 GH
738 4543 790 4609 (LI,
807 4551 903 4611 exacte
914 4547 963 4607 cla).
985 4543 996 4611 ΙΙ
1019 4549 1051 4596 23
1064 4547 1165 4596 umoris
1184 4552 1243 4595 ante
1261 4561 1330 4600 corr.
1344 4547 1379 4595 H.
1402 4542 1414 4612 l}
1437 4547 1508 4613 ltaq,

371 4641 423 4693 qus
447 4632 512 4679 sunt
536 4630 662 4696 6:1taq3
686 4628 727 4693 (lc.
751 4631 863 4697 Itaque
886 4628 921 4693 L)
950 4634 1014 4679 sunt
1036 4630 1071 4683 11,
1095 4627 1108 4695 ll
1130 4632 1163 4680 25
1185 4630 1290 4681 habent
1318 4648 1378 4699 epo:
1406 4631 1520 4685 bahem.

369 4715 413 4762 tes
432 4713 492 4764 011.
