3984 5825
695 675 742 722 uu
765 674 1032 724 sucurracruas
1057 678 1126 726 ura.
1150 679 1173 724 1.
1462 666 1504 730 23

360 831 536 894 distributa
550 829 585 893 in
607 851 725 915 parvas
749 836 858 916 partes
881 852 986 916 neque
1008 831 1164 896 universa
1185 834 1329 919 pondere
1351 857 1502 920 premens

321 933 479 1020 apoterit
505 929 572 996 ulla
598 931 723 995 ratione
750 931 925 996 extrudere
946 934 1031 997 muri
1054 933 1322 1000 substructiones.
1368 935 1409 1000 de
1432 938 1503 1023 ipso

357 1043 466 1099 autem
481 1055 573 1097 muro
596 1054 614 1096 e
636 1053 700 1118 qua
721 1034 858 1097 materia
880 1042 1024 1098 struatur
1045 1044 1100 1098 aut
1122 1035 1319 1122 perficiatur,
1342 1038 1416 1102 ideo
1437 1062 1504 1103 non

359 1146 409 1201 est
437 1133 695 1222 praeficiendum
723 1134 810 1221 quod
837 1136 872 1198 in
900 1134 1049 1201 omnibus
1072 1136 1152 1202 locis
1175 1159 1255 1224 quas
1278 1148 1427 1226 optamus
1451 1163 1501 1206 co·

358 1240 440 1325 pisa,
464 1259 519 1301 eas
534 1229 599 1302 non
613 1259 786 1324 possumus
808 1235 938 1302 habere.
983 1237 1042 1302 sed
1063 1238 1121 1305 ubi
1144 1249 1219 1304 sunt
1242 1261 1322 1304 saxa
1344 1241 1536 1326 quadratas

358 1342 429 1404 sive
455 1337 541 1403 silex
569 1360 626 1404 seu
654 1348 855 1403 caementum
876 1349 933 1404 aut
955 1349 1066 1405 coctus
1088 1338 1171 1406 later
1193 1342 1264 1405 sive
1286 1343 1422 1425 crudus,
1451 1343 1502 1407 his

358 1442 420 1506 erit
451 1441 619 1506 utendum.
677 1462 742 1505 non
769 1441 856 1504 enim
881 1441 931 1505 uti
952 1439 1124 1528 Babylone
1150 1442 1354 1507 abundantes
1377 1443 1502 1531 liquido

356 1544 517 1608 bitumine
538 1565 597 1630 pro
619 1540 708 1605 calce
737 1550 769 1604 et
791 1541 911 1606 harena
934 1563 976 1607 ex
999 1552 1090 1608 cocto
1112 1543 1213 1609 latere
1236 1545 1357 1609 factum
1380 1545 1502 1611 habent

357 1668 502 1727 murum,
531 1645 579 1707 sic
606 1645 685 1707 item
713 1652 849 1730 possunt
871 1666 982 1710 omnes
1005 1645 1155 1730 regiones
1179 1667 1237 1710 seu
1260 1645 1404 1711 locorum
1426 1671 1499 1734 pro-

357 1749 512 1835 prietates
527 1745 648 1810 habere
669 1754 776 1810 tantas
800 1744 946 1810 eiusdem
967 1747 1097 1830 generis
1113 1745 1272 1812 utilitates
1299 1749 1350 1811 uti
1377 1770 1420 1811 ex
1447 1748 1552 1814 his10

357 1847 654 1934 comparationibus
675 1847 719 1911 ad
740 1848 968 1912 aeternitatem
990 1847 1154 1934 perfectus
1176 1847 1335 1913 habeatur
1358 1850 1427 1914 sine
1450 1852 1498 1915 vi-

354 1950 401 2014 tio
422 1972 546 2014 murus.

322 2070 336 2118 1
441 2050 613 2116 Moenibus
641 2050 852 2116 circumdatis
886 2060 1041 2116 secuntur
1073 2053 1160 2116 intra
1193 2073 1322 2116 murum
1349 2074 1499 2118 arearum
1511 2075 1550 2125 VI

354 2153 534 2218 divisiones
566 2152 811 2240 platearumque
844 2162 876 2216 et
902 2155 1132 2242 angiportuum
1159 2153 1202 2217 ad
1229 2153 1310 2217 caeli
1333 2155 1499 2239 regionem

354 2254 561 2320 directiones.
605 2255 789 2340 dirigentur
803 2254 883 2318 haec
896 2265 1006 2320 autem
1021 2265 1122 2336 recte,
1147 2257 1175 2320 si
1191 2253 1318 2320 exclusi
1340 2265 1434 2320 erunt
1456 2279 1499 2321 ex
1518 2270 1550 2319 15

353 2357 537 2445 angiportis
565 2358 657 2438 venti
683 2354 870 2442 prudenter.
921 2359 977 2443 qui
991 2344 1033 2421 'si
1055 2355 1170 2442 frigidi
1194 2367 1269 2422 sunt
1290 2356 1440 2440 laedunt,
1470 2360 1498 2424 si

355 2458 453 2523 calidi
468 2460 604 2542 vitiant,
628 2459 657 2522 si
672 2456 776 2522 umidi
797 2468 925 2524 nocent.
969 2480 1068 2546 quare
1090 2458 1261 2523 vitandum
1283 2461 1415 2524 videtur
1437 2459 1499 2526 hoc

352 2561 471 2627 vitium
504 2570 536 2626 et
566 2559 805 2624 advertendum
832 2582 873 2623 ne
900 2559 957 2623 fiat
986 2559 1074 2647 quod
1102 2561 1138 2623 in
1164 2560 1275 2625 multis
1305 2563 1496 2627 civitatibus

351 2686 415 2728 usu
443 2661 525 2728 solet
553 2663 676 2726 venire.
730 2660 1002 2748 quemadmodum
1025 2661 1060 2725 in
1081 2660 1187 2726 insula
1208 2661 1317 2728 Lesbo
1340 2663 1497 2750 oppidum

351 2762 513 2852 Mytilene
533 2763 781 2849 magnificenter
803 2773 853 2828 est
874 2762 1083 2827 aedificatum
1105 2772 1137 2826 et
1160 2761 1335 2850 eleganter,
1359 2765 1416 2829 sed
1440 2789 1496 2853 po·
1515 2773 1548 2823 20

351 2851 450 2933 situm
465 2888 531 2932 non
543 2865 732 2954 prudenter.
775 2866 810 2930 in
832 2887 895 2952 qua
917 2865 1053 2930 civitate
1074 2873 1184 2930 auster
1206 2887 1279 2930 cum
1301 2867 1369 2951 flat,
1392 2866 1494 2932 homi-

351 2991 409 3034 nes
437 2977 627 3054 aegrotant,
657 2990 731 3032 cum
759 2989 869 3052 corus,
892 2967 1052 3050 tussiunt,
1081 2988 1155 3031 cum
1177 2969 1371 3053 septentrio,
1400 2970 1493 3032 resti-

351 3079 486 3136 tuuntur
519 3072 555 3134 in
588 3070 811 3135 salubritatem
845 3069 904 3134 sed
935 3070 971 3132 in
1002 3068 1182 3154 angiportis
1216 3076 1249 3131 et
1280 3066 1397 3155 plateis
1430 3091 1495 3133 non

317 3182 487 3259 spossunt
524 3173 701 3238 consistere
738 3180 872 3259 propter
903 3170 1142 3235 vehementiam
1174 3168 1317 3255 frigoris.
1376 3179 1493 3235 ventus

288 3263 294 3275 ⁸
350 3283 459 3337 autem
482 3283 531 3339 est
552 3275 637 3339 aeris
659 3273 763 3338 fluens
785 3273 873 3337 unda
895 3295 968 3337 cum
991 3273 1114 3335 incerta
1136 3281 1242 3337 motus
1265 3271 1492 3336 redundantia.
1512 3280 1544 3328 25

349 3375 494 3440 nascitur
526 3398 600 3440 cum
632 3376 744 3440 fervor
775 3374 910 3440 offendit
941 3395 1087 3438 umorem
1115 3381 1147 3438 et
1173 3374 1314 3461 impetus
1342 3375 1494 3440 tactionis

350 3479 506 3564 exprimit
533 3479 568 3541 vi
595 3479 730 3566 spiritus
755 3476 862 3545 flatus.
911 3475 946 3541 id
968 3486 1078 3540 autem
1100 3496 1214 3539 verum
1237 3497 1309 3541 esse
1331 3499 1374 3540 ex
1394 3476 1493 3542 aeoli-

349 3578 426 3666 pilis
459 3580 562 3643 aereis
590 3578 668 3643 licet
693 3579 840 3665 aspicere
868 3587 900 3642 et
927 3577 969 3641 de
995 3576 1172 3643 latentibus
1189 3577 1283 3658 caeli
1311 3580 1492 3646 rationibus

420 3806 433 3853 1
453 3805 584 3855 universa
601 3801 722 3868 pondere
743 3803 774 3851 Il
785 3798 868 3865 (Llc):
887 3797 1019 3852 universa
1037 3801 1159 3867 pondera
1179 3802 1207 3851 G.
1229 3798 1241 3868 ΙΙ
1266 3804 1281 3851 2
1299 3804 1404 3867 poterit
1420 3803 1491 3854 ulla:

349 3890 387 3938 sic
410 3888 470 3938 GH.
494 3883 507 3952 ΙΙ
534 3886 712 3950 'Ibabylonii
733 3887 766 3938 L.
789 3883 801 3952 ΙΙ
829 3888 845 3937 8
867 3886 1000 3936 uitumine
1022 3892 1081 3936 aute
1099 3902 1168 3936 corr.
1188 3887 1223 3939 H.
1247 3882 1259 3952 [Ι
1279 3902 1312 3938 ex
1329 3903 1388 3952 eqo:
1410 3886 1432 3937 ds
1455 3885 1493 3950 (et

352 3972 385 4037 6)
411 3972 469 4024 GH.
492 3970 504 4038 ΙΙ
526 3974 558 4022 13
580 3980 640 4022 ante
657 3972 803 4023 Moenibus
820 3970 890 4020 rubr.
907 3971 965 4021 mai.
983 3970 1024 4020 XI
1047 3968 1122 4033 (num.
1146 3987 1192 4024 om.
1213 3971 1254 4033 G).
1293 3972 1336 4021 De
1354 3970 1491 4023 divisione

349 4072 463 4122 operum
481 4072 551 4123 quae
567 4057 641 4107 intra
658 4073 749 4107 muros
772 4060 835 4107 sunt
858 4060 886 4105 et
904 4054 1084 4121 dispositione
1106 4058 1137 4104 ut
1154 4059 1293 4106 ventorum
1316 4056 1392 4107 noxii
1409 4056 1492 4106 flatus

348 4144 470 4193 vitentur
481 4143 540 4193 GH.
557 4138 569 4203 ΙΙ
585 4146 715 4192 secuntur
724 4142 752 4190 H
764 4138 797 4203 (c,
810 4143 961 4203 sequuntur
974 4138 1062 4203 Mt),
1076 4143 1208 4204 sequntur
1217 4145 1275 4189 ante
1288 4154 1355 4189 corr.
1372 4140 1401 4191 G.
1423 4136 1436 4205 [l
1460 4143 1490 4192 15

347 4227 509 4277 directionis
528 4226 688 4291 dirigentur.
724 4226 784 4293 qu
804 4225 832 4283 G,
853 4224 929 4287 de(di
942 4223 1114 4287 L)recti0nes
1132 4224 1294 4288 dirigentur.
1330 4222 1401 4273 haec
1424 4225 1460 4278 H.
1475 4221 1488 4289 [l

350 4314 381 4363 18
401 4312 599 4362 advertendum
617 4314 671 4363 ed.:
691 4309 870 4360 avertendum
889 4310 947 4361 GH.
970 4306 982 4375 ΙΙ
1012 4312 1043 4359 19
1061 4324 1126 4359 usus
1146 4309 1176 4360 G.
1204 4304 1215 4373 ll
1238 4310 1271 4357 20
1293 4307 1443 4371 mytilenae
1469 4309 1491 4358 G

348 4396 391 4458 (L,
411 4412 479 4460 -ne
493 4393 528 4461 c),
545 4396 696 4462 mitylenae
715 4397 742 4444 H
760 4395 894 4459 (mitilene
911 4394 939 4457 l).
954 4390 965 4459 Η
978 4393 1187 4457 magnificentur
1204 4398 1263 4441 ante
1281 4406 1349 4443 corr.
1371 4392 1402 4445 6.
1423 4389 1434 4459 Η
1458 4396 1491 4442 22

348 4481 446 4531 chorus
466 4482 524 4531 GH.
549 4477 561 4547 ΙΙ
583 4484 616 4532 24
634 4481 740 4547 possint
756 4486 816 4529 ante
833 4495 901 4530 corr.
922 4479 958 4528 H.
981 4474 993 4543 ll
1021 4475 1202 4527 attentionis
1225 4490 1271 4539 eqo
1295 4473 1340 4537 (ef.
1358 4475 1383 4538 I,
1404 4480 1428 4541 6,
1448 4480 1489 4530 11.

351 4567 383 4629 V,
403 4569 426 4624 9,
446 4569 471 4615 6.
497 4566 581 4625 VIII,
605 4570 636 4634 2„
649 4569 675 4616 3.
694 4563 743 4630 4.):
767 4563 900 4614 factionis
925 4564 982 4615 GH.
1007 4558 1019 4627 Η
1047 4563 1079 4610 27
1103 4560 1131 4609 νί
1148 4574 1208 4622 eqo:
1232 4559 1287 4608 vim
1312 4557 1490 4627 GHllflatus

348 4650 377 4699 H
389 4649 474 4715 (Llc):
487 4651 582 4699 flatum
596 4650 626 4701 G.
644 4646 655 4715 ll
673 4666 706 4699 ex
720 4649 846 4714 eclyprlrs
856 4647 859 4711 l
868 4662 959 4698 aereis
972 4648 999 4696 in
1010 4660 1063 4694 ras.
1079 4645 1113 4693 60
1126 4642 1172 4707 (ex
1183 4643 1307 4711 {lul
1322 4662 1391 4711 apr.
1405 4663 1434 4697 m.
1455 4647 1488 4697 G:

348 4742 437 4785 cetera
448 4735 565 4785 radendo
577 4734 679 4784 abstulit
691 4733 847 4797 correctae:
868 4749 901 4787 ex
915 4730 1004 4783 acohs
1017 4745 1089 4784 aens
1102 4730 1130 4782 H
1144 4729 1187 4796 (L,
1201 4748 1235 4784 ex
1247 4730 1351 4785 accolis
1364 4733 1436 4784 aeris
1446 4730 1489 4794 te).
