3984 5825
424 657 484 720 112
911 672 1069 718 v1rnuvu

423 825 588 889 trachordi
603 823 875 910 magnitudinem.
907 825 953 886 ita
976 824 1010 885 in
1034 822 1139 887 trihus
1161 821 1336 907 generibus
1359 822 1571 887 tetrachorda

423 949 465 990 ex
480 925 607 991 duobus
630 927 716 999 tonis
740 935 772 989 et
787 925 964 990 hemitonio
988 934 1064 988 sunt
1085 932 1294 1011 peraequata,
1318 922 1376 987 sed
1398 924 1470 1010 ipsa
1492 945 1571 987 cum

422 1028 597 1115 separatim
613 1029 869 1113 uniuscuiusque
891 1027 1020 1111 generis
1042 1024 1163 1089 finibus
1186 1025 1445 1108 considerantur,
1468 1024 1572 1089 dissi-

421 1128 532 1192 milem
548 1128 670 1192 hahent
684 1127 931 1192 intervallorum
954 1127 1223 1212 designationem.
1268 1127 1370 1210 igitur
1392 1124 1572 1203 intervalla
1592 1149 1611 1196 4

389 1244 404 1291 5
422 1239 573 1296 tonorum
600 1240 632 1294 et
660 1230 911 1293 hemitoniorum
935 1240 966 1292 ct
988 1228 1269 1292 tetrachordorum
1291 1229 1326 1290 in
1348 1249 1429 1292 voce
1451 1228 1572 1292 divisit

421 1342 540 1396 natura
562 1332 710 1416 {iniitque
733 1332 977 1394 terminationes
1002 1352 1113 1394 eorum
1134 1330 1296 1392 mensuris
1319 1328 1571 1394 intervallorum

423 1434 624 1519 quantitate,
648 1432 818 1518 modisque
841 1430 1162 1496 certisdistantibus
1186 1432 1356 1495 constituit
1378 1429 1569 1518 qualitateS,

422 1535 541 1620 quibus
571 1534 670 1598 etiam
697 1532 838 1597 artifices
868 1535 923 1621 qui
951 1555 1074 1618 organa
1100 1531 1266 1596 fabricant
1288 1554 1331 1596 ex
1352 1543 1470 1596 natura
1493 1553 1571 1597 con-

422 1637 546 1700 stitutis
576 1635 698 1700 utendo
726 1646 916 1722 comparant
938 1634 980 1697 ad
1004 1643 1178 1699 concentus
1202 1635 1433 1698 convenientes
1457 1656 1571 1699 eorum

374 1752 404 1799 10
422 1738 648 1826 perfectiones.
1503 1750 1506 1756 '

509 1839 657 1922 Sonitus,
693 1840 749 1924 qui
777 1860 894 1924 graece
921 1843 1071 1920 ‹ptioyyot
1104 1837 1273 1920 dicuntur,
1309 1838 1344 1900 in
1372 1859 1609 1924 unoquoquer,

422 1964 541 2028 genere
564 1951 639 2006 sunt
661 1959 684 2004 x
715 1951 746 2004 et
772 1959 836 2004 V111
843 1989 852 2023 ,
883 1963 900 2003 e
934 1938 1053 2027 quibus
1075 1958 1140 2004 vm
1170 1949 1247 2004 sunt
1273 1941 1308 2002 in
1335 1940 1441 2004 tribus
1469 1960 1569 2024 gene-

422 2043 515 2108 ribus
537 2043 688 2131 perpetui
711 2052 742 2105 et
765 2052 899 2123 stantes,
923 2040 1041 2127 reliqui
1064 2059 1087 2104 x
1116 2063 1191 2104 cum
1218 2041 1433 2106 communiter
1452 2040 1568 2106 modu·
1637 2058 1643 2099 ·.

423 2144 532 2208 lantur
555 2154 630 2208 sunt
653 2153 822 2228 vagantes.
867 2152 989 2206 stantes
1012 2152 1122 2206 autem
1144 2152 1220 2207 sunt
1244 2143 1301 2230 qui
1322 2143 1408 2207 inter
1429 2141 1569 2207 mobiles

374 2261 406 2310 15
423 2245 625 2333 interpositi,
655 2246 820 2308 continent
847 2243 1047 2309 tetrachordi
1075 2245 1337 2308 coniunctionem
1365 2255 1398 2308 et
1425 2267 1442 2308 e
1470 2266 1568 2329 gene-

423 2369 497 2411 rum
519 2345 763 2410 discriminibus
792 2347 860 2409 suis
882 2344 1003 2409 finibus
1026 2355 1102 2409 sunt
1129 2355 1371 2432 permanentes,
1401 2345 1567 2435 appellan-

424 2460 478 2512 tur
506 2458 614 2511 autem
637 2449 699 2530 sic,
723 2446 1082 2535 proslambanomenos,
1110 2446 1232 2534 hypate
1254 2447 1416 2535 hypaton,
1446 2447 1568 2535 hypate

425 2572 553 2633 meson,
584 2571 688 2631 mese,
716 2558 792 2612 nete
820 2570 1069 2636 synemmenon,
1096 2571 1281 2636 paramese,
1309 2560 1384 2614 nete
1412 2549 1566 2633 diezeug-

423 2638 557 2734 menon,
584 2642 658 2715 nete
691 2648 941 2737 hyperbolaeon.
992 2648 1130 2714 mobiles
1154 2660 1263 2714 autem
1284 2660 1362 2714 sunt
1384 2650 1440 2737 qui
1462 2650 1498 2713 in
1520 2638 1566 2713 te·

373 2767 405 2814 20
423 2753 595 2818 trachordo
622 2754 707 2815 inter
734 2753 874 2816 inmotos
902 2751 1054 2839 dispositi
1081 2753 1115 2814 in
1144 2752 1317 2836 generibus
1340 2762 1374 2816 et
1394 2751 1473 2816 locis
1495 2749 1569 2815 loca

424 2864 567 2937 mutant,
598 2852 765 2919 vocabula
786 2863 895 2918 autem
923 2852 1046 2918 habent
1074 2854 1169 2936 haec,
1197 2852 1380 2943 parhypate
1407 2853 1565 2942 hypaton,

424 2957 568 3022 lichanos
596 2957 758 3044 hypaton,
787 2956 970 3043 parhypate
996 2978 1124 3039 meson,
1153 2955 1298 3020 lichanos
1327 2978 1459 3038 meson,
1490 2955 1548 3019 trit

490 3134 505 3181 2
523 3131 675 3180 hemitonia
694 3129 752 3193 (sic)
771 3134 834 3179 sunt
853 3133 971 3196 pqquata
991 3130 1024 3179 G:
1051 3130 1201 3179 hemitonio
1219 3133 1390 3194 peraequata
1413 3131 1471 3188 (om.
1491 3129 1566 3192 aunt)

402 3217 452 3265 'H
470 3213 550 3278 (Lu).
574 3210 587 3280 ll
613 3218 629 3264 4
653 3213 802 3264 intervalla
825 3217 881 3264 ed:
908 3213 1056 3263 intervallo
1082 3214 1140 3263 GH.
1164 3210 1176 3279 ll
1199 3212 1293 3264 ofinit
1317 3214 1344 3275 (i.
1364 3230 1386 3265 e.
1410 3212 1492 3275 finiit)
1517 3212 1566 3263 GH

425 3298 505 3365 (hle).
530 3283 545 3366 ll
565 3302 596 3348 ll
615 3299 731 3364 pthongi
751 3298 801 3349 Gli
820 3298 898 3361 (Led,
922 3298 1019 3363 thongi
1035 3297 1065 3361 l).
1095 3295 1115 3362 ΙΙ,
1135 3299 1167 3348 14
1190 3297 1306 3349 mobiles
1329 3301 1393 3347 sunt
1410 3297 1566 3362 interpositi

424 3384 476 3433 GH
494 3384 569 3446 (sunt
586 3385 635 3433 det.
654 3382 717 3447 ert).
740 3379 752 3449 ΙΙ
776 3385 807 3433 17
825 3382 1138 3461 proslambanomenos
1160 3381 1264 3447 hypate
1290 3379 1566 3447 hipultondrypate·

423 3499 538 3534 meson.
556 3498 629 3533 mese
649 3522 654 3533 .
673 3488 831 3548 netesynem
846 3483 851 3548 Ι
867 3499 946 3534 mene
962 3520 968 3533 .
984 3497 1129 3549 paramese
1148 3520 1154 3533 .
1172 3483 1484 3565 netediejeucmelne.
1503 3486 1566 3533 nete

423 3583 627 3650 hypboleon.G
646 3582 753 3648 (puncta
771 3600 806 3634 ex
823 3592 899 3650 parte
917 3587 978 3636 add.
999 3584 1052 3648 6⁶).
1086 3586 1141 3634 iros
1159 3583 1384 3635 latnbanomenos
1396 3584 1500 3650 hypate
1518 3584 1565 3649 hy-

423 3677 490 3735 pato
500 3669 638 3733 hypateon
650 3682 744 3718 meson
756 3667 891 3734 messal&
900 3684 966 3734 esyn
984 3684 1143 3719 exemmene
1156 3683 1320 3734 paramesen
1336 3667 1359 3718 δι
1371 3668 1432 3719 edie
1443 3683 1566 3719 zeucme-

424 3749 541 3819 nenelte
560 3751 746 3817 hyperboleon
757 3754 801 3801 .H
820 3751 918 3816 (eodem
933 3756 1013 3817 plana
1030 3755 1104 3805 modo
1121 3755 1145 3804 L
1163 3755 1212 3803 nisi
1229 3755 1297 3819 quod
1312 3759 1408 3818 puncta
1425 3754 1526 3803 addidit
1542 3762 1566 3802 et

422 3840 528 3903 scripsit
546 3836 638 3900 &esim
656 3838 714 3887 item
733 3840 741 3887 Ι
759 3840 802 3904 qui
817 3837 908 3902 tedio,
926 3839 984 3898 item
1002 3839 1110 3905 denique
1128 3839 1159 3888 ela
1176 3840 1201 3889 in
1220 3839 1307 3905 quibua
1325 3844 1407 3888 tamen
1425 3854 1442 3886 α
1459 3838 1566 3887 dicerem

423 3922 537 3973 trionibus
554 3924 630 3971 malta
647 3938 725 3974 erasa
742 3930 800 3972 eunt
822 3930 848 3974 et
868 3930 976 3984 mutata,
1000 3924 1125 3990 incipiunt
1146 3932 1228 3974 autem
1244 3925 1282 3974 sic
1304 3923 1360 3972 iros
1379 3922 1565 3988 lampanome·

423 4024 472 4059 nos
491 4025 517 4067 e,
540 4006 829 4073 proslampanomenos
852 4006 877 4057 ε’
895 4016 920 4067 et
937 4010 964 4065 h,
987 4010 1278 4076 proslambanomenos
1299 4006 1348 4072 bc).
1384 4024 1453 4059 corr.
1475 4005 1531 4057 Joe.

423 4095 454 4142 at
474 4108 524 4158 par
540 4091 663 4158 phypate
682 4090 763 4171 (parv
761 4091 864 4157 hypate
884 4090 938 4156 60).
957 4091 1385 4174 hypatejicanoelphalon.par
1404 4091 1565 4157 hypateme—

424 4209 473 4243 son
484 4230 489 4243 .
500 4192 614 4257 lycanos
623 4187 626 4257 l
635 4207 732 4241 meson
743 4229 749 4241 .
760 4193 823 4243 trite
846 4194 1007 4273 sinevmenu
1018 4194 1129 4244 tritedie
1137 4192 1140 4259 l
1149 4181 1315 4259 zeugmenire
1328 4229 1334 4244 .
1348 4196 1482 4258 paranete
1494 4226 1502 4243 .
1515 4207 1560 4257 pa-

423 4291 665 4360 raneteldieaeug
688 4295 900 4346 menu.tritehi
921 4291 1221 4360 pboleon.lparanete
1249 4295 1405 4360 hypboleon
1433 4293 1462 4344 G.
1503 4307 1563 4357 par·

423 4376 560 4445 hylpatae
579 4378 704 4444 hypateli
723 4378 826 4429 chanos
844 4379 948 4443 phalon
965 4379 1119 4444 parhypate
1137 4395 1231 4430 meson
1247 4376 1252 4446 Ι
1267 4381 1390 4432 lichanos
1403 4376 1563 4427 mesontrire

423 4478 553 4528 synemen
571 4462 700 4511 utritedie
719 4478 871 4528 zeygmenu
886 4463 891 4527 Ι
906 4462 1035 4529 paream
1051 4463 1230 4528 paranetedie
1253 4478 1404 4529 zeugmenu
1427 4461 1493 4511 trite
1515 4460 1563 4525 hy·

422 4546 590 4611 perbolaeon
607 4546 611 4608 Ι
627 4545 754 4611 paranbre
773 4547 962 4612 hyperboleon
980 4548 1008 4597 H
1027 4548 1152 4610 (sinrititer
1168 4551 1178 4597 l
1194 4556 1220 4599 et
1237 4557 1296 4599 ante
1318 4564 1387 4600 corr.
1406 4547 1444 4610 eh,
1462 4547 1521 4595 item
1542 4545 1563 4594 L

423 4633 473 4681 nisi
489 4632 559 4696 qnod
573 4630 614 4679 bic
631 4632 708 4681 aliter
720 4633 843 4696 quaedam
855 4634 982 4682 abtinaeit.
1004 4631 1031 4681 tr
1041 4648 1125 4682 omnes
1137 4633 1214 4698 trire,
1227 4641 1255 4682 ut
1266 4642 1292 4685 el
1300 4635 1323 4698 f.
1353 4629 1481 4697 hypateli
1498 4628 1563 4677 cha·

423 4728 472 4763 noe
490 4730 504 4763 c
521 4713 590 4776 eta).
626 4730 693 4765 corr.
712 4715 769 4769 Joe.
1477 4700 1498 4712 .
