3984 5825
427 679 468 745 753
768 705 770 711 -
917 679 1075 728 vmnuvn

428 863 504 927 pars
526 838 584 899 fiat
605 856 679 898 cum
702 836 770 900 suis
791 831 961 916 astragalis
985 842 1016 895 et
1038 830 1210 916 supercilio
1233 833 1380 917 superior
1400 832 1571 915 trochilus,

428 940 532 1002 altera
560 958 635 1022 pars
658 935 803 1000 inferiori
823 932 960 997 trochilo
983 932 1202 1016 relinquatur,
1231 933 1288 996 sed
1311 932 1446 997 inferior
1467 935 1573 998 maior

429 1038 601 1125 apparebit
629 1037 703 1101 ideo
733 1034 819 1122 quod
846 1032 980 1095 habebit
1007 1032 1049 1094 ad
1079 1043 1257 1095 extremam
1280 1031 1443 1120 plinthum
1465 1037 1571 1119 proie-

429 1151 564 1203 cturam.
593 1133 900 1222 astragaliJaciendi
915 1142 990 1197 sunt
1012 1143 1148 1196 octavae
1169 1136 1272 1218 partis
1294 1134 1434 1199 trochili.
1464 1139 1570 1220 proie-

397 1252 522 1306 5ctura
544 1241 605 1303 erit
627 1240 733 1323 spirae
754 1257 828 1323 pars
851 1244 965 1298 octava
988 1243 1136 1297 etsexta
1158 1235 1294 1299 decuma
1316 1258 1392 1322 pars
1415 1240 1569 1301 crassitu-

431 1342 519 1406 dinis
541 1338 717 1406 columnae.

516 1441 618 1528 Spiris
633 1438 787 1526 perfectis
803 1447 835 1500 et
857 1435 1033 1501 conlocatis
1057 1435 1224 1501 columnae
1246 1449 1321 1502 sunt
1342 1439 1514 1503 medianae
1535 1444 1569 1504 in
1588 1460 1604 1506 4

430 1568 551 1633 pronao
580 1551 611 1606 et
636 1541 760 1627 postico
786 1537 829 1601 ad
856 1537 1123 1624 perpendiculum
1150 1538 1250 1602 medii
1272 1541 1376 1604 centri
1399 1541 1569 1605 conlocan-

430 1649 507 1729 dae,
528 1640 695 1728 angulares
717 1646 825 1702 autem
847 1660 994 1725 quaeque
1017 1661 1035 1702 e
1055 1640 1188 1723 regione
1211 1662 1321 1704 earum
1342 1640 1471 1706 futurae
1494 1652 1571 1706 sunt

383 1769 413 1815 ιθ
429 1751 465 1812 in
492 1744 644 1811 lateribus
672 1739 762 1804 aedis
791 1740 908 1804 dextra
935 1763 973 1803 ac
1002 1741 1151 1823 sinistra,
1185 1742 1234 1804 uti
1261 1751 1369 1826 partes
1396 1744 1569 1808 interiores

430 1870 511 1935 quae
532 1845 573 1908 ad
595 1844 735 1929 parietes
758 1841 859 1905 cellae
881 1851 1030 1928 spectant
1051 1842 1094 1905 ad
1115 1841 1381 1928 perpendiculum
1404 1843 1490 1907 latus
1513 1846 1568 1908 ha-

428 1949 525 2012 beant
552 1942 768 2024 conlocatum,
798 1945 975 2007 exteriores
1003 1953 1111 2007 autem
1137 1953 1245 2029 partes
1274 1945 1323 2007 uti
1345 1945 1470 2008 dictum
1492 1957 1570 2010 ante

429 2049 470 2113 de
492 2068 600 2112 earum
622 2055 837 2110 contractura.
882 2045 929 2109 sic
952 2045 1038 2107 enim
1061 2055 1154 2112 erunt
1176 2044 1299 2128 figurae
1322 2047 1569 2132 compositionis

428 2152 558 2214 aedium
581 2155 803 2210 contracturae
825 2148 911 2211 iusta
932 2147 1059 2211 ratione
1082 2156 1226 2210 exactae.

382 2273 411 2320 15
511 2249 623 2334 Scapis
652 2246 873 2312 columnarum
902 2249 1032 2311 statutis
1061 2246 1275 2333 capitulorum
1302 2248 1386 2311 ratio
1409 2249 1438 2312 si
1460 2248 1602 2335 pulvi-5

426 2361 501 2417 nata
528 2359 622 2414 erunt
648 2349 700 2412 his
727 2349 926 2435 symmetriis
955 2348 1210 2413 conformabitur
1235 2349 1284 2412 nti
1313 2370 1409 2434 quarn
1438 2372 1568 2414 crassus

425 2456 508 2518 imus
530 2471 646 2536 scapus
668 2450 767 2513 fuerit
789 2449 902 2513 addita
924 2458 1040 2513 octava
1062 2448 1198 2513 decuma
1220 2459 1312 2536 parte
1334 2451 1425 2535 scapi
1446 2450 1567 2515 abacus

425 2553 541 2617 habeat
555 2550 793 2635 longitudinem
809 2561 842 2615 et
856 2551 1073 2635 latitudinem,
1090 2550 1341 2616 crassitudinem
1356 2572 1429 2614 cum
1445 2551 1567 2617 volutis

426 2657 493 2719 eius
527 2651 707 2715 dimidiam.
761 2650 980 2716 recedendum
1007 2663 1115 2717 autem
1143 2662 1192 2716 est
1218 2650 1261 2715 ab
1289 2661 1436 2716 extremo
1463 2653 1567 2717 abaco

376 2758 459 2826 auin
480 2755 667 2820 interiorem
689 2763 816 2840 partem
838 2754 1001 2820 frontibus
1024 2753 1207 2818 volutarum
1232 2762 1325 2839 parte
1345 2752 1566 2819 duodevicen-

425 2858 506 2922 sima
520 2865 552 2919 et
575 2857 645 2920 cius
668 2855 816 2920 dimidia.
860 2865 938 2920 tunc
959 2854 1141 2921 crassitudo
1165 2852 1344 2919 dividenda
1365 2857 1470 2920 estin
1491 2878 1566 2943 par-

424 2970 473 3023 tes
497 2979 617 3022 novem
644 2969 677 3022 et
705 2959 891 3040 dimidiam,
920 2968 953 3022 et
975 2957 1159 3023 secundum
1186 2956 1324 3021 abacum
1350 2958 1386 3020 in
1413 2969 1568 3045 quattuor

423 3058 570 3149 partibus
593 3061 778 3124 volutarum
800 3060 978 3123 secundum
1002 3060 1140 3123 extremi
1166 3058 1260 3121 abaci
1282 3041 1438 3144 quadram
1461 3059 1566 3124 lineae

424 3161 644 3224 demittendae
672 3184 755 3247 quae
782 3160 930 3225 cathetoe
952 3161 1113 3224 dicuntur.
1157 3168 1235 3223 tunc
1261 3150 1304 3222 cx
1325 3182 1443 3224 novem
1466 3164 1566 3249 parti-

375 3283 407 3334 to
423 3263 485 3329 bus
514 3272 545 3326 ct
573 3256 710 3326 dimidia
737 3283 802 3325 una
829 3283 904 3348 pars
933 3273 966 3325 et
987 3260 1125 3325 dimidia
1146 3260 1241 3325 abaci
1263 3261 1445 3326 crassitudo
1467 3261 1565 3326 relin-

424 3373 558 3451 quatur,
585 3362 730 3448 reliquae
757 3372 829 3427 octo
857 3362 977 3428 volutis
1007 3362 1254 3427 constituantur.
1304 3372 1382 3426 tunc
1409 3363 1451 3428 ab
1479 3363 1598 3434 lineae

424 3486 506 3553 quae
528 3462 706 3528 secundum
727 3464 822 3528 abaci
845 3473 1024 3528 extremam
1046 3473 1172 3550 partem
1194 3464 1336 3528 demissa
1359 3465 1436 3546 erit,
1460 3466 1494 3528 in
1517 3467 1564 3529 in-

294 3557 301 3567 ’
400 3555 575 3632 ’ῑθτὶοτθηὶ
596 3574 720 3650 partem
741 3563 807 3628 alia
828 3565 959 3630 recedat
980 3566 1077 3629 unius
1101 3575 1133 3629 et
1156 3562 1344 3629 dimidiatae
1367 3567 1469 3650 partis
1492 3564 1564 3631 lati·

490 3793 506 3839 2
525 3789 650 3838 inferiori
669 3789 703 3839 G:
723 3788 839 3839 inferior
850 3789 882 3838 H
892 3787 970 3854 (Lte).
993 3786 1006 3859 l]
1028 3793 1208 3841 textremum
1220 3795 1280 3839 ante
1297 3804 1366 3840 corr.
1384 3788 1417 3837 H
1426 3788 1494 3851 (item
1506 3788 1535 3852 Ι),
1551 3789 1562 3855 l}

422 3874 558 3943 plinthum
583 3870 667 3937 G(l):
691 3872 848 3936 plinthunm
868 3874 901 3923 H
916 3871 1003 3937 (reu).
1030 3871 1043 3941 ΙΙ
1069 3876 1085 3924 5
1108 3874 1216 3924 decima
1237 3888 1303 3938 pars
1322 3874 1344 3923 G
1362 3870 1423 3937 (ωε
1447 3874 1565 3924 decuma

424 3972 506 4025 apars
524 3957 556 4006 H
571 3945 689 4018 (decima
702 3971 784 4020 apars
795 3955 841 4022 lc).
864 3955 876 4023 ss
895 3958 1034 4008 9futurae
1053 3959 1107 4008 ed:
1125 3958 1221 4008 lutura
1240 3958 1299 4007 GH.
1322 3953 1335 4023 ΙΙ
1358 3960 1389 4007 12
1401 3959 1442 4007 uti
1460 3959 1563 4008 dictum

423 4049 488 4095 ante
507 4041 540 4090 dc
559 4056 652 4090 earum
672 4044 851 4091 contractura
868 4042 935 4092 Phil.
960 4028 1037 4106 (ante
1056 4045 1117 4093 add.
1137 4041 1227 4107 baral:
1245 4042 1289 4091 nti
1307 4041 1402 4090 dicant
1420 4056 1449 4091 se
1469 4058 1563 4092 earum

423 4129 627 4179 contracturam
646 4126 701 4175 GH
721 4124 768 4188 (L,
793 4128 1005 4177 contracturam
1023 4129 1043 4185 l,
1067 4122 1316 4190 contractarum).
1337 4121 1350 4190 ΙΙ
1374 4125 1405 4175 16
1422 4126 1475 4189 hys
1491 4127 1527 4176 H.
1550 4125 1561 4190 li

308 4227 319 4242 ·
423 4210 640 4263 conformabitur
658 4211 742 4260 Man:
760 4210 897 4259 —bnntur
915 4209 975 4263 GH.
998 4205 1011 4275 ΙΙ
1034 4225 1144 4261 crassus
1156 4212 1226 4261 imus
1246 4211 1309 4260 clio
1325 4208 1372 4274 (L,
1388 4211 1562 4260 crassissimus

421 4300 439 4357 1,
453 4293 643 4346 crassissimus
655 4294 706 4358 ch),
727 4291 856 4344 crassim‘l
872 4292 878 4360 Ι
893 4300 952 4343 ante
969 4310 1038 4346 corr.
1050 4295 1082 4343 H
1093 4291 1136 4358 (su
1147 4311 1286 4360 suprascr.
1297 4291 1360 4359 Hc).
1383 4290 1395 4360 ΙΙ
1419 4296 1450 4343 17
1464 4299 1564 4344 octava

422 4382 451 4433 Η
470 4376 555 4442 (Llc):
579 4394 653 4429 nona
677 4380 707 4430 G.
731 4375 743 4445 ΙΙ
766 4379 883 4429 decuma
904 4378 946 4436 H,
969 4378 1078 4427 decima
1097 4380 1119 4429 G
1141 4374 1222 4440 (Llc).
1250 4376 1262 4444 ΙΙ
1293 4381 1327 4429 20
1348 4384 1428 4442 parte
1453 4379 1475 4428 (ἶ
1497 4378 1562 4442 (hclz

422 4470 529 4533 partem
545 4462 578 4511 H
594 4462 666 4526 (—te
684 4464 767 4526 Lat).
790 4460 808 4531 ΙΙ
829 4461 1072 4513 duodevicensima
1094 4463 1149 4513 GH
1168 4461 1319 4528 (-gesima
1335 4462 1388 4521 Hc,
1410 4466 1564 4525 -gessima

423 4565 444 4609 e,
462 4548 605 4612 -gesima
623 4550 654 4607 lh,
673 4549 811 4599 -cesima
828 4547 873 4614 L).
892 4542 907 4613 ΙΙ
929 4548 963 4596 24
980 4546 1167 4597 demittendae
1184 4548 1255 4601 doc:
1273 4546 1454 4597 dimittendae
1474 4548 1533 4595 GH.
1549 4546 1560 4611 Η

423 4630 552 4685 cathetoe
572 4632 623 4680 GH
640 4632 688 4695 (eh,
707 4637 836 4684 cataetoe
858 4634 887 4690 L,
906 4630 990 4681 catha
1007 4647 1057 4681 zoe
1075 4631 1104 4695 t).
1127 4627 1139 4697 ΙΙ
1160 4634 1194 4682 27
1213 4632 1334 4683 demissa
1352 4632 1425 4697 (aaz
1448 4632 1563 4682 dimissa

424 4716 477 4780 (1¹11
491 4710 572 4782 (hle).
594 4709 606 4780 ΙΙ
628 4718 662 4767 28
681 4716 739 4766 alia
756 4718 818 4767 add.
829 4717 886 4767 Joc.
900 4713 1018 4783 (partem
1030 4715 1146 4766 recedat
1164 4716 1235 4781 GH).
1257 4713 1271 4786 ΙΙ
1293 4732 1363 4769 unus
1374 4724 1434 4767 ante
1446 4733 1514 4770 corr.
1531 4718 1561 4767 G.
