3984 5825
684 668 731 716 on
754 666 1021 717 aucurrncruun
1047 671 1114 716 nm.
1139 669 1171 717 v.
1221 718 1226 727 ,
1436 650 1495 719 129

347 821 463 886 raliter
485 823 515 886 si
539 822 605 885 sint
627 821 710 886 benc
732 823 831 909 positi
854 822 1058 908 habeantque
1078 823 1237 886 acroteria
1257 824 1328 886 sive
1342 846 1494 910 promun-

347 925 434 988 toria
455 925 696 1010 procurrentia,
725 944 766 987 ex
789 923 908 1009 quibus
931 925 1091 988 introrsus
1114 933 1306 987 curvaturae
1329 927 1400 989 sive
1422 948 1494 989 ver·

348 1047 447 1090 surae
469 1047 512 1088 ex
533 1024 597 1089 loci
617 1035 734 1089 natura
756 1025 879 1089 fuerint
901 1025 1131 1107 conformatae,
1155 1026 1314 1089 maximas
1336 1025 1495 1091 utilitates

347 1127 507 1192 videntur
533 1126 664 1191 babere.
714 1128 837 1192 circum
865 1128 951 1190 enim
986 1128 1130 1214 porticus
1164 1128 1235 1191 sive
1263 1128 1393 1192 navalia
1421 1139 1496 1193 sunt

347 1229 501 1294 facienda
524 1228 594 1292 sive
617 1250 659 1292 ex
681 1224 868 1315 porticibus
884 1227 993 1293 aditus
1015 1229 1059 1293 ad
1082 1229 1235 1315 emporia,
1259 1239 1430 1316 turresque
1453 1243 1529 1293 exo

347 1341 489 1417 utraque
516 1340 609 1419 parte
636 1329 871 1413 conlocandae,
905 1353 948 1394 ex
975 1330 1093 1416 quibus
1123 1341 1255 1394 catenae
1281 1331 1410 1396 traduci
1438 1354 1496 1420 per

348 1432 519 1496 machinas
542 1433 679 1519 possint.

309 1548 326 1595 2
436 1534 496 1599 Sin
517 1543 626 1598 autem
648 1557 714 1600 non
735 1533 916 1600 naturalem
936 1533 1042 1599 locum
1057 1555 1161 1621 neque
1176 1533 1329 1599 idoneum
1345 1535 1387 1598 ad
1403 1545 1494 1599 tuen·
1572 1546 1575 1551 '

349 1636 409 1700 das
432 1635 475 1699 ab
497 1635 747 1722 tempestatibus
769 1656 871 1700 naves
894 1635 1115 1718 habuerimus,
1138 1636 1184 1699 ita
1199 1636 1331 1701 videtur
1353 1657 1424 1701 esse
1446 1636 1493 1700 fa-

350 1737 504 1802 ciendum
525 1738 574 1801 uti
597 1738 625 1800 si
647 1736 770 1802 nullum
792 1736 913 1801 flumen
935 1739 969 1801 in
991 1737 1042 1800 his
1064 1735 1143 1801 loeis
1164 1737 1340 1824 inpedierit
1358 1738 1494 1802 sederit
1514 1745 1547 1795 10

350 1861 394 1902 ex
416 1861 481 1903 una
502 1848 595 1926 parte
617 1840 724 1920 statio,
741 1828 825 1904 'tunc
847 1861 890 1903 ex
910 1836 1014 1902 altera
1035 1847 1128 1925 parte
1150 1841 1328 1947 structuriq
1345 1841 1415 1904 sive
1438 1863 1494 1925 ag-

348 1941 483 2026 geribus
501 1940 718 2026 expediantur
739 1962 942 2028 progressus.
971 1949 1003 2005 ct
1017 1941 1064 2004 ita
1080 1939 1329 2005 conformandae
1344 1951 1496 2028 portuum

350 2042 587 2109 conclusiones.
632 2063 689 2106 eae
715 2052 823 2107 autem
851 2052 1035 2106 structurae
1068 2064 1150 2127 quae
1180 2043 1214 2105 in
1240 2064 1325 2127 aqua
1348 2053 1423 2107 sunt
1445 2043 1493 2106 fuu

348 2155 457 2224 turae,
488 2143 644 2207 videntur
672 2145 719 2208 sic
746 2165 818 2208 esse
840 2143 1010 2207 faciendae
1032 2145 1081 2207 uti
1103 2153 1249 2230 portetur
1271 2142 1381 2230 pulvis
1403 2165 1423 2205 a
1444 2165 1494 2206 re-

349 2244 502 2330 gionibus
531 2266 613 2330 quae
641 2255 717 2310 sunt
743 2267 764 2308 a
786 2245 898 2310 Cumis
927 2245 1134 2309 continuatae
1167 2245 1210 2307 ad
1237 2247 1494 2331 promuntorium
1514 2253 1545 2301 15

350 2346 536 2428 Minervae,
573 2347 666 2432 isque
697 2347 873 2410 misceatur
905 2348 953 2410 uti
980 2347 1015 2409 in
1041 2348 1194 2411 mortario
1228 2345 1293 2410 duo
1320 2345 1363 2408 ad
1396 2368 1494 2410 unum

312 2463 330 2510 3
350 2446 579 2537 respondeant.
617 2447 736 2512 deinde
756 2457 834 2512 tunc
856 2449 891 2511 in
914 2469 951 2512 eo
973 2447 1044 2512 loco
1067 2449 1122 2536 qui
1138 2447 1290 2513 definitus
1306 2448 1378 2530 erit,
1401 2469 1495 2511 arcae

350 2548 519 2636 stipitibus
542 2548 705 2613 robusteis
728 2559 760 2613 et
782 2550 905 2613 catenis
928 2548 1073 2614 inclusae
1093 2551 1127 2612 in
1142 2571 1260 2635 aquam
1275 2547 1495 2614 demittendae

350 2650 628 2736 destinandaeque
659 2650 810 2733 firmiter,
845 2649 964 2714 deinde
996 2653 1083 2715 intra
1111 2673 1153 2713 ex
1181 2648 1331 2714 trastillis
1359 2650 1495 2714 inferior

349 2774 426 2840 pars
455 2752 517 2816 sub
544 2773 629 2838 aqua
662 2752 876 2838 exaequanda
903 2762 934 2816 ct
962 2751 1149 2838 purganda,
1189 2761 1221 2815 et
1249 2753 1423 2814 caementis
1452 2774 1494 2814 ex
1512 2757 1545 2807 20

349 2854 522 2937 mortario,
550 2855 687 2918 materia
712 2856 817 2919 mixta
839 2852 1111 2942 quemadmodum
1133 2875 1231 2939 supra
1253 2852 1410 2939 scriptum
1433 2861 1492 2935 ost,

349 2956 400 3021 ibi
421 2955 671 3040 congerendum,
695 2954 843 3043 doneque
857 2953 1059 3042 compleatur
1073 2964 1235 3018 structura
1250 2955 1390 3040 spatium
1407 2953 1493 3040 quod

349 3057 451 3121 hrcrit
478 3057 564 3120 inter
590 3078 693 3120 arcas.
747 3056 809 3122 hoo
835 3068 944 3122 autem
976 3078 1093 3119 nrunns
1127 3053 1273 3119 naturale
1304 3053 1427 3118 habent
1455 3076 1493 3117 oa

348 3158 420 3223 loca
443 3180 526 3244 quae
548 3160 790 3245 suprascripta
813 3168 899 3223 sunt.

435 3260 495 3326 Sin
527 3268 637 3323 autem
668 3271 802 3349 propter
834 3259 951 3324 fluctus
984 3269 1041 3323 aut
1072 3260 1212 3346 impetus
1247 3258 1351 3344 aperti
1382 3250 1491 3343 p‘elagi
1510 3263 1543 3311 25

347 3361 499 3426 destinae
529 3382 620 3425 arcas
650 3383 714 3426 non
742 3362 908 3449 potuerint
936 3362 1117 3443 continere,
1147 3371 1225 3425 tuno
1247 3360 1289 3424 ab
1312 3362 1383 3445 ipsa
1405 3367 1492 3421 terra

347 3465 421 3528 sive
443 3462 612 3550 crepidine
633 3462 795 3550 pulvinus
810 3485 906 3550 quam
927 3463 1112 3527 firmissime
1135 3472 1289 3544 sturatur,
1312 3463 1405 3546 isque
1420 3458 1491 3546 pul-

346 3564 447 3629 vinus
463 3574 644 3650 exaequata
659 3574 804 3629 struatur
817 3563 953 3651 planitia
967 3566 1074 3628 minus
1096 3586 1193 3650 quam
1207 3562 1362 3627 dimidiae
1377 3563 1491 3649 partis,

346 3665 511 3752 reliquum
539 3664 626 3752 quod
652 3676 702 3730 est
724 3667 872 3752 proxime
894 3664 987 3748 litus,
1017 3664 1233 3751 proclinatum
1255 3663 1340 3728 latus
1362 3663 1491 3728 habeat.

420 3959 433 4007 1
453 3956 642 4023 promunturia
666 3957 717 4014 GH
738 3954 952 4022 (promunctoria
971 3958 1005 4017 H,
1024 3958 1212 4023 promontoria
1228 3954 1271 4020 tc).
1297 3950 1309 4020 11
1335 3956 1350 4002 4
1368 3955 1426 4004 eive
1446 3970 1492 4003 na-

347 4040 428 4093 valta
445 4042 485 4092 ed.
507 4038 596 4107 (rec.):
614 4042 674 4093 sive
693 4041 770 4091 nalia
789 4041 811 4091 G
829 4039 893 4105 (Lt),
911 4041 1048 4090 sivenalia
1065 4042 1094 4090 H
1107 4038 1139 4105 (c.
1160 4041 1185 4090 si
1202 4038 1312 4090 venalia
1330 4036 1365 4101 b).
1386 4033 1398 4104 11
1422 4041 1438 4088 5
1457 4037 1491 4087 ad
1519 4067 1522 4072 ·

348 4126 412 4180 add.
432 4126 489 4176 Joc.
514 4124 618 4188 (aditus
639 4125 762 4191 emporia
781 4124 852 4188 GH).
877 4122 889 4191 11
910 4127 927 4175 8
949 4122 1096 4182 shdoneum
1116 4126 1158 4174 G0.
1178 4120 1190 4189 11
1216 4126 1408 4173 Instructam
1432 4130 1490 4171 avite

347 4227 420 4263 corr.
440 4210 469 4260 G.
494 4204 507 4276 11
529 4213 560 4261 13
578 4225 628 4259 eae
647 4210 688 4259 II:
707 4209 760 4259 hae
780 4210 801 4259 G
819 4209 898 4271 (Llc).
917 4205 930 4274 11
954 4211 986 4258 15
1003 4210 1217 4274 promunturium
1238 4208 1288 4256 GH
1305 4204 1490 4271 (promuncto-

347 4296 421 4343 rium
439 4295 473 4359 L,
492 4295 706 4359 promuntorium
724 4292 766 4356 tc).
784 4290 797 4358 11
822 4294 853 4342 16
871 4294 895 4342 is
914 4308 966 4357 que
984 4294 1020 4342 L:
1039 4293 1083 4342 his
1102 4308 1153 4356 qne
1173 4293 1201 4349 G,
1219 4291 1342 4353 hisquae
1361 4292 1390 4339 H
1409 4287 1487 4356 (11111

351 4380 384 4428 19
402 4379 476 4427 intra
498 4379 576 4429 Lea:
608 4378 716 4428 interea
735 4377 793 4427 GH.
817 4373 829 4442 11
853 4377 1021 4426 extrastilis
1041 4377 1098 4427 611.
1121 4371 1133 4440 11
1161 4377 1193 4423 22
1212 4374 1336 4439 doneque
1361 4373 1490 4438 (donique

350 4461 523 4526 Lachnannh
541 4461 661 4525 deniqne
681 4463 731 4512 GH
748 4458 801 4525 (LI,
819 4461 936 4526 deinque
957 4462 991 4511 G⁶
1009 4469 1034 4511 et
1051 4459 1086 4524 c).
1109 4456 1121 4525 11
1145 4462 1177 4509 23
1196 4474 1292 4508 munus
1313 4459 1339 4507 11
1355 4456 1423 4525 (LI):
1443 4460 1491 4508 mi·

350 4561 403 4597 uns
421 4544 473 4613 (cla)
494 4546 516 4597 G
534 4544 593 4610 (sed
610 4547 645 4597 Ge
661 4548 687 4596 in
704 4562 784 4611 marp.
802 4546 814 4595 ῑ
831 4546 990 4604 almunns).
1013 4540 1025 4609 11
1049 4546 1081 4594 27
1099 4542 1325 4607 strutua(r)1eque
1344 4551 1402 4594 ante
1420 4560 1489 4594 corr.

350 4630 518 4695 (strutnatnr
529 4668 534 4680 .
545 4629 634 4695 isque)
654 4631 683 4687 G.
702 4630 850 4680 struaturie
869 4645 939 4694 qnae
953 4629 981 4677 H
993 4626 1037 4692 (tc,
1055 4632 1196 4678 struatur.
1210 4628 1234 4677 is
1253 4642 1304 4691 que
1322 4628 1354 4689 L,
1373 4632 1489 4678 structu-

351 4716 390 4764 ris
408 4730 461 4781 quq
479 4713 543 4779 1611).
564 4711 577 4783 11
600 4717 634 4765 28
651 4714 769 4781 planitia
788 4715 838 4765 GH
856 4713 899 4779 (L,
917 4712 1050 4781 -119111,

387 4814 500 4852 vmanv.
519 4815 555 4851 nn
573 4814 687 4854 escuir.
1268 4794 1287 4862 9
