3984 5825
428 683 492 747 284
666 690 823 739 vrrauvu
846 689 892 735 nn
915 688 1182 737 lacrumarum
1206 690 1277 736 ars.
1300 695 1335 736 x.

428 846 629 914 Massilitani
657 843 814 931 suspicati
840 850 942 906 totam
970 864 1052 928 quae
1075 842 1180 906 fuerat
1201 851 1278 906 ante
1300 866 1431 907 murum
1454 844 1577 910 fossam

428 949 544 1014 altiore
577 947 705 1010 fossura
738 943 978 1031 depresserunt.
1028 945 1075 1008 ita
1106 966 1222 1031 specus
1257 967 1369 1010 omnes
1404 949 1514 1012 exitus
1543 950 1577 1012 in

429 1053 552 1116 fossam
578 1047 772 1112 habuerunt.
816 1046 935 1132 quibus
967 1055 1077 1110 autem
1108 1045 1189 1110 locis
1217 1045 1306 1111 fossa
1332 1069 1399 1112 non
1425 1058 1578 1135 potuerat

429 1153 511 1234 fieri,
534 1152 621 1214 intra
642 1169 770 1212 murum
791 1147 979 1210 barathrum
1002 1147 1204 1234 amplissima
1225 1147 1433 1233 longitudine
1457 1160 1490 1215 et
1511 1175 1576 1215 am-

396 1275 412 1323 s
429 1253 592 1342 plitudine
614 1251 662 1315 uti
685 1251 845 1338 piscinam
866 1248 1015 1313 fecerunt
1038 1258 1151 1314 contra
1167 1271 1241 1314 eum
1255 1249 1363 1314 locum
1379 1274 1443 1338 qua
1460 1276 1576 1341 specus

428 1355 627 1441 agebantur,
651 1372 785 1437 eamque
808 1372 825 1414 e
847 1351 952 1437 puteis
976 1359 1009 1416 et
1031 1372 1048 1414 e
1071 1360 1168 1438 portu
1189 1352 1420 1439 impleverunt.
1466 1356 1576 1442 itaque

430 1479 504 1520 cum
531 1475 648 1541 specus
676 1462 762 1517 esset
790 1460 923 1539 repente
943 1451 1078 1516 naribus
1101 1455 1240 1541 apertis,
1271 1454 1449 1520 vehemens
1473 1479 1575 1543 aquae

431 1560 482 1622 vis
504 1557 641 1620 inmissa
663 1552 887 1641 supplantavit
908 1552 1059 1636 fulturas,
1083 1557 1204 1642 quique
1226 1556 1312 1620 intra
1326 1555 1463 1622 fuerunt
1487 1569 1518 1622 et
1532 1559 1573 1623 ab

429 1680 533 1745 aquae
559 1654 768 1721 multitudine
791 1666 823 1721 et
844 1655 886 1719 ab
908 1657 1004 1720 arina
1031 1678 1147 1743 specus
1175 1679 1286 1722 omnes
1315 1667 1392 1722 sunt
1415 1663 1573 1747 oppressi.

382 1781 413 1828 ro
431 1762 530 1826 etiam
554 1780 630 1836 curn
655 1779 758 1845 agger
778 1756 821 1821 ad
842 1779 971 1823 murum
991 1768 1105 1823 contra
1126 1781 1181 1823 eos
1203 1771 1450 1847 compararetur
1472 1772 1504 1826 et
1526 1778 1603 1825 atr-1

429 1862 565 1927 boribus
593 1861 713 1924 excisis
741 1881 843 1947 eoque
870 1858 1046 1924 conlocatis
1068 1859 1158 1925 loeus
1181 1862 1336 1947 operibus
1360 1884 1574 1948 exaggerare-

430 1973 499 2045 tur,
526 1959 670 2026 ballistis
692 1969 803 2026 vectes
825 1960 948 2025 ferreos
976 1960 1152 2026 candentes
1174 1964 1209 2026 in
1231 1963 1266 2027 id
1287 1963 1451 2028 mittendo
1474 1975 1574 2030 totam

430 2063 644 2130 munitionem
670 2072 846 2149 coegenmt
872 2061 1083 2148 conflagrare.
1128 2065 1258 2128 testudo
1286 2074 1396 2128 autem
1422 2068 1574 2130 arietaria

430 2188 503 2230 eum
524 2163 567 2229 ad
589 2187 718 2228 murum
738 2162 935 2251 pulsandum
955 2167 1160 2245 accessisset,
1183 2167 1573 2255 permiseruntlaqueum

383 2286 413 2335 re
431 2277 463 2332 ct
489 2289 527 2333 eo
549 2268 652 2331 ariete
673 2267 862 2348 constricto,
884 2287 944 2352 per
964 2275 1156 2353 tympanum
1178 2277 1292 2351 ergata
1315 2268 1571 2355 circumagentes

429 2390 585 2455 suspenso
613 2369 719 2454 capite
747 2367 816 2431 eius
837 2389 904 2433 non
924 2377 1001 2432 sunt
1023 2369 1113 2456 passi
1134 2369 1226 2453 tangi
1248 2391 1397 2452 murum,
1424 2371 1572 2459 doneque

429 2479 530 2536 totam
556 2468 740 2534 machinam
762 2467 920 2534 malleolis
943 2468 1159 2535 candentibus
1181 2485 1214 2535 et
1235 2469 1446 2536 ballistarum
1467 2473 1570 2561 plagis

430 2571 685 2661 dissipaverunt.
727 2570 775 2637 ita
802 2591 841 2634 ea
867 2571 1008 2636 victoria
1040 2571 1191 2637 civitates
1223 2596 1290 2638 non
1321 2573 1483 2640 machinis
1515 2575 1571 2640 sed

431 2682 543 2739 tonus
577 2672 800 2737 machinarum
834 2673 994 2738 rationem
1029 2672 1281 2739 architectorum
1317 2674 1463 2740 sollertia
1498 2687 1572 2742 sunt

381 2798 416 2846 ro
433 2775 600 2841 liberatae.

517 2877 609 2960 Quas
631 2878 724 2968 potui
745 2875 786 2943 de
807 2876 967 2944 machinis
989 2877 1145 2967 expedire
1163 2879 1306 2944 rationes
1323 2888 1356 2944 et
1370 2881 1464 2966 pacis
1479 2879 1569 2946 belli·

432 3004 495 3066 que
516 2982 718 3068 temporibus
739 2979 930 3046 utilissimas
952 2982 1084 3067 putavi,
1112 2981 1148 3044 in
1168 2980 1229 3045 hoc
1251 2980 1417 3046 volumine
1439 2984 1569 3070 perfeci.

432 3082 465 3144 iu
494 3083 657 3168 prioribus
688 3106 766 3148 roro
793 3104 912 3148 norem
939 3082 980 3147 de
1007 3081 1144 3167 singulis
1170 3081 1347 3167 generibus
1369 3094 1402 3149 ct
1424 3086 1570 3172 partibus

430 3187 627 3269 enumeravi,
651 3185 699 3248 uti
721 3194 825 3249 totum
847 3208 965 3273 eorpus
986 3185 1094 3249 omnia
1114 3183 1350 3249 architecturae
1370 3188 1518 3251 membra
1538 3189 1568 3252 in

379 3302 412 3348 rs
430 3282 542 3346 decem
566 3284 787 3350 voluminibus
809 3286 945 3352 haberet
967 3284 1141 3374 explicata.

497 3540 511 3584 1
530 3535 686 3583 masilitaui
703 3537 752 3584 BG
770 3544 795 3584 et
812 3545 872 3585 ente
890 3554 960 3589 terr,
978 3541 1008 3586 H
1026 3540 1123 3601 (mass
1142 3546 1219 3605 H‘lc,
1236 3544 1434 3595 masilinittni
1452 3544 1497 3612 L).
1519 3543 1531 3613 Η
1552 3550 1567 3596 4

428 3618 588 3695 baratbrum
612 3633 656 3680 6⁶.
679 3631 691 3693 ΙΙ
714 3636 730 3681 5
754 3639 783 3681 ut
807 3635 839 3683 Ε.
868 3631 880 3697 ΙΙ
910 3639 940 3685 13
962 3640 1120 3704 conflagare
1145 3647 1197 3696 σῃ
1221 3652 1247 3695 ρο
1271 3654 1332 3696 ..ις
1353 3662 1423 3697 corr,
1447 3648 1481 3701 Ε,
1503 3645 1515 3713 ΙΙ
1538 3650 1566 3697 14

429 3719 579 3783 pmiseruut
603 3714 661 3775 (sic)
687 3715 772 3766 EGH.
799 3713 812 3780 ll
842 3719 872 3766 to
894 3718 1018 3785 doneque
1040 3741 1100 3788 ego:
1128 3728 1247 3795 denique
1270 3732 1350 3782 KGH
1369 3731 1441 3793 (hle,
1463 3735 1513 3783 sed
1534 3733 1566 3782 60

427 3798 566 3864 cretaque).
591 3794 603 3861 ll
627 3800 659 3848 18
676 3813 722 3847 θεῖ
747 3814 798 3849 cae
816 3802 846 3850 H
863 3801 935 3864 (haee
953 3805 990 3861 L,
1008 3810 1057 3857 sed
1072 3827 1153 3875 supra
1172 3830 1213 3864 ea
1231 3817 1281 3872 L‘,
1298 3816 1334 3866 be
1350 3818 1371 3873 Ι,
1388 3815 1423 3881 be
1440 3818 1496 3878 clu),
1515 3817 1565 3865 hae

428 3887 483 3938 EG.
507 3881 519 3947 ll
542 3882 660 3932 victoria
678 3885 732 3934 ert:
752 3886 884 3937 victoriae
904 3888 988 3939 [ΜΗ.
1009 3887 1022 3956 Η
1046 3896 1180 3947 civitates
1197 3897 1291 3952 Sela:
1310 3900 1426 3950 civitati
1445 3901 1531 3950 EGH.
1552 3898 1562 3962 {i

426 3975 456 4022 et
478 3969 599 4018 rationes
618 3969 696 4033 pacis
719 3969 797 4021 ΕΘΗ
819 3973 858 4031 (ct
881 3976 943 4024 edd.
968 3975 1065 4039 Sela).
1088 3976 1100 4045 ss
1128 3983 1161 4031 22
1178 3981 1241 4032 t.&
1259 3980 1301 4046 (et
1322 3984 1384 4046 BG)
1406 3984 1564 4035 utilissimas

430 4054 505 4105 aum
523 4053 563 4116 (et
576 4057 626 4104 del.
645 4053 744 4116 Soka).
768 4052 781 4120 Η
803 4059 836 4107 25
854 4057 943 4108 decim
960 4066 992 4112 tr.

495 4190 612 4241 aaran
625 4191 734 4242 liberx
747 4192 862 4257 expuere
874 4194 1146 4258 consummamus
1158 4187 1381 4267 espinaciis).
1400 4204 1444 4255 ns
1462 4205 1563 4271 graues

426 4288 506 4324 amen
526 4275 552 4321 H
564 4275 608 4335 (L.
621 4276 742 4326 Vitrnrii
754 4277 825 4328 liber
836 4280 958 4330 decimus
971 4282 1083 4346 explicit
1097 4284 1219 4336 felicitur
1237 4283 1247 4348 (
1265 4289 1273 4299 '
1286 4288 1405 4348 >amen
1415 4306 1438 4347 e,
1456 4291 1563 4340 Victru-

423 4359 464 4411 uii
476 4358 546 4407 liber
558 4358 680 4411 decimus
692 4362 807 4426 explicit
820 4363 949 4418 feliciter.
971 4369 1086 4422 ament,
1105 4369 1228 4434 Explicit
1239 4371 1311 4422 liber
1322 4373 1444 4423 decimus
1454 4374 1562 4423 vitruvii

425 4442 475 4496 leli
483 4498 486 4505 p
495 4449 537 4492 ter
554 4459 634 4494 amen
650 4448 680 4507 l),
700 4446 820 4497 l'itrurii
829 4485 836 4497 .
845 4447 916 4499 liber
925 4489 932 4501 .
942 4451 967 4499 X
978 4488 985 4500 .
997 4450 1112 4517 explicit
1123 4488 1130 4502 .
1140 4455 1263 4506 feliciter
1273 4496 1281 4509 .
1290 4473 1389 4508 amen.
1403 4458 1459 4508 BG.
