3984 5825
600 687 647 734 rm
669 684 933 734 asumpserunt
961 687 1027 733 um.
1051 687 1109 734 vn.
1365 673 1425 736 179

282 841 437 926 punicam
461 839 530 925 igni
552 838 757 925 liquefactam
780 838 877 925 paulo
900 837 970 901 oleo
991 847 1204 923 temperatam
1220 848 1309 903 saeta
1332 839 1425 903 indu·

280 950 351 1024 cat,
376 940 496 1006 deinde
518 951 632 1028 postea
654 939 851 1005 carbonibus
875 941 908 1002 in
931 940 1037 1002 ferreo
1053 962 1130 1003 vase
1146 941 1337 1027 compositis
1353 963 1424 1004 eam

282 1064 392 1106 ceram
415 1065 435 1107 a
456 1044 607 1130 proximo
630 1064 702 1107 cum
724 1041 849 1129 pariete
870 1040 1073 1105 calfaciundo
1096 1041 1213 1106 sudare
1236 1052 1341 1127 cogat,
1365 1046 1425 1106 ita·

281 1166 347 1230 que
380 1153 418 1210 ut
444 1153 677 1233 peraequatur,
705 1142 825 1207 deinde
854 1153 931 1208 tunc
961 1142 1096 1207 candela
1131 1144 1304 1231 linteisque
1337 1146 1426 1231 puris

248 1247 436 1332 tsubigat,
471 1247 520 1312 uti
548 1248 643 1332 signa
669 1266 850 1310 marmorea
876 1244 965 1308 nuda
991 1255 1155 1310 curantur.
1211 1246 1291 1310 haec
1318 1255 1461 1310 autema

282 1366 432 1429 γανωσις
453 1369 569 1434 graece
591 1347 721 1412 dicitnr.
764 1348 812 1410 ita
826 1345 959 1411 obstans
975 1368 1068 1411 cerae
1089 1348 1227 1433 punicae
1249 1347 1349 1411 lorica
1363 1371 1428 1412 non

285 1451 410 1535 patitur
430 1472 491 1514 nee
512 1448 607 1514 lunae
629 1448 835 1537 splendorem
857 1470 918 1513 nec
940 1448 1018 1513 solis
1041 1449 1149 1514 radios
1172 1447 1344 1513 lambendo
1367 1453 1428 1513 eri-

287 1573 365 1637 pere
380 1574 422 1617 ex
443 1553 495 1617 his
517 1549 729 1639 politionibus
745 1551 895 1616 colorem.
934 1572 1016 1636 quae
1031 1560 1139 1616 autem
1161 1553 1195 1615 in
1211 1551 1428 1637 Ephesiorum

289 1652 427 1735 metallis
449 1653 581 1718 fuerumt
608 1651 774 1736 officinae,
801 1675 889 1717 nunc
917 1653 1072 1718 traiectae
1095 1662 1170 1718 sunt
1196 1652 1270 1717 ideo
1292 1654 1428 1718 Romam

292 1753 431 1839 quodid
457 1776 562 1840 genus
583 1775 686 1818 venae
712 1764 826 1842 postea
848 1763 897 1818 est
925 1755 1094 1818 inventum
1117 1753 1297 1840 Hispaniae
1324 1757 1428 1840 regio·
1449 1770 1480 1818 10

294 1854 402 1940 nibus,
425 1877 442 1919 e
464 1855 583 1943 quibus
597 1855 738 1921 metallis
760 1855 897 1941 glaebae
917 1864 1089 1943 portantur
1104 1865 1136 1919 et
1158 1877 1217 1942 per
1239 1854 1429 1942 publicanos

298 1955 410 2022 Rornae
430 1966 594 2023 curantur.
635 1979 692 2022 eae
712 1966 822 2023 autem
844 1958 995 2022 officinae
1018 1965 1094 2021 sunt
1115 1958 1201 2021 inter
1216 1956 1330 2021 aedem
1352 1957 1427 2021 Flo·

304 2078 353 2121 rae
373 2069 402 2123 et
421 2058 564 2140 Quirini.

281 2168 294 2214 l
377 2161 517 2227 Vitiatur
537 2162 674 2227 minium
695 2160 843 2225 admixta
865 2159 964 2224 ealce.
1009 2162 1119 2247 itaque
1141 2161 1170 2225 si
1192 2162 1248 2248 qui
1270 2161 1351 2226 velit
1373 2184 1428 2226 ex·

312 2263 395 2342 periri
419 2263 454 2327 id
476 2263 547 2328 sine
568 2263 651 2327 vitio
673 2284 760 2346 esse,
790 2264 838 2327 sic
861 2264 923 2327 erit
948 2262 1146 2328 faciendum.
1196 2262 1301 2327 ferrea
1324 2262 1481 2327 lamnam

316 2372 450 2448 sunnmr,
478 2386 516 2430 eo
538 2367 675 2442 minium
697 2366 888 2452 inponatur,
916 2362 959 2426 ad
987 2364 1306 2449 ignem'conlocetur
1327 2366 1431 2430 donec

317 2459 402 2529 lamna
420 2465 604 2531 candescat.
647 2487 721 2529 cum
743 2486 760 2528 e
783 2464 923 2529 candore
945 2465 1034 2530 color
1054 2474 1197 2533 mutatus
1225 2466 1326 2532 fuerit
1354 2469 1430 2532 crit-

319 2582 367 2646 que
383 2576 453 2650 ater,
475 2565 610 2633 tollatur
631 2566 739 2631 lamna
759 2565 802 2630 ab
824 2568 894 2652 igni
917 2577 949 2631 et
972 2568 1020 2632 sic
1034 2566 1264 2651 refrigeratum
1286 2571 1315 2633 si
1336 2572 1430 2634 resti·

318 2670 403 2731 tuam
420 2671 453 2733 in
475 2670 650 2756 pristinum
672 2667 828 2752 colorem,
857 2671 927 2733 sine
949 2670 1032 2733 vitio
1056 2690 1126 2732 csse
1147 2668 1356 2755 probabitur,
1381 2673 1431 2735 sin

319 2774 403 2833 auem
420 2772 634 2859 permanserit
655 2772 749 2855 nigro
765 2769 882 2853 colore,
906 2768 1105 2854 significabit
1129 2792 1164 2833 se
1180 2791 1251 2834 esse
1266 2773 1429 2836 vitiatum.
1449 2791 1482 2837 20

293 2872 307 2919 θ
384 2868 468 2952 Quae
497 2893 685 2938 succurrere
712 2864 887 2960 potuerunt
913 2871 995 2936 mihi
1024 2871 1064 2935 de
1085 2871 1186 2936 minio
1209 2872 1292 2937 dixi.
1336 2872 1430 2959 ohr'y·

321 2970 415 3037 sacella
433 2974 624 3062 adportatur
651 2996 671 3039 a
698 2975 909 3056 Macedonia,
937 2973 1062 3037 foditur
1088 2982 1197 3037 autem
1226 2994 1269 3036 ex
1296 2975 1323 3038 is
1351 2973 1431 3039 loeis

322 3070 449 3149 quisunt
480 3069 624 3165 proximi
650 3078 785 3141 aerariis
813 3075 963 3139 metallis.
1013 3075 1193 3139 armenium
1222 3084 1254 3139 et
1287 3075 1432 3140 indicum

322 3174 475 3243 nomnibus
498 3180 580 3266 ipsis
602 3177 767 3243 indicatur
790 3178 908 3264 quibus
932 3179 967 3241 in
990 3175 1070 3241 locis
1094 3184 1315 3263 procreantur.

330 3304 517 3327 N...-

374 3381 384 3427 l
398 3385 520 3449 punicam
539 3386 580 3437 ed.
594 3383 619 3451 (e
630 3383 723 3448 Pena:
742 3385 878 3452 pumicum
890 3384 976 3435 EGII.
993 3380 1006 3450 11
1021 3387 1037 3435 3
1050 3400 1067 3433 a
1084 3383 1206 3449 proximo
1219 3383 1354 3448 (aprime)
1372 3400 1432 3449 epo:

325 3460 499 3521 triennali.
529 3466 542 3536 ΙΙ
570 3471 728 3535 eumparate
748 3469 781 3518 E.
809 3465 821 3535 ΙΙ
849 3468 1024 3519 calfaciundo
1049 3469 1102 3517 (111
1122 3465 1168 3533 (t,
1193 3468 1371 3519 calfacienda
1389 3470 1432 3532 lc).

324 3540 481 3605 cdelsciendo
500 3553 536 3605 Ε.
555 3549 568 3621 ΙΙ
588 3553 682 3618 itsque
700 3569 759 3618 epo:
783 3551 886 3616 fiatque
905 3553 991 3603 EGII.
1009 3548 1020 3618 ll
1036 3553 1052 3601 4
1070 3552 1220 3618 linteisque
1237 3556 1314 3620 puris
1331 3556 1372 3604 ed.
1387 3553 1433 3617 (ex

324 3621 517 3704 Plt·33,122):
537 3638 700 3703 cunctisque
718 3637 805 3703 pluris
823 3637 910 3691 111111.
933 3633 945 3702 Η
969 3638 985 3685 6
1007 3626 1131 3701 γάνωσις
1158 3638 1280 3689 Welclrer
1303 3636 1347 3702 (cf.
1366 3638 1434 3689 Par.

325 3721 354 3768 tt·
364 3712 420 3770 dou.
431 3720 488 3786 98)=
507 3723 603 3788 gnosis
614 3722 693 3776 null
705 3719 818 3783 (καῦσις
833 3722 900 3779 loe,
919 3715 1052 3786 ἔγκαυσις
1066 3721 1152 3781 Salar„
1165 3721 1294 3781 κονίασις
1307 3722 1404 3784 Seleu).
1420 3720 1431 3785 Η

326 3795 413 3854 eunus
428 3808 480 3858 cd:
507 3804 783 3872 persistentem),
806 3806 931 3871 pumices
954 3802 1049 3874 μορε
1072 3812 1132 3857 ente
1150 3823 1220 3856 corr.
1245 3808 1278 3866 θ)
1303 3807 1360 3858 1111.
1384 3802 1395 3871 ΙΙ
1420 3807 1434 3854 7

323 3870 437 3948 ltnbendo
454 3892 511 3945 eda
531 3890 651 3941 labendo
669 3890 755 3942 EGII.
780 3886 796 3955 ll
814 3892 829 3938 9
848 3890 951 3939 fuerint
964 3890 994 3943 L.
1020 3886 1031 3956 {l
1056 3891 1085 3938 11
1106 3887 1189 3954 e(ch
1209 3892 1269 3942 add.
1284 3889 1358 3938 Seleu.
1377 3889 1432 3950 lre·

326 3957 422 4023 tlttibus
433 3975 531 4041 quibus
543 3974 645 4037 EGH).
662 3971 675 4041 ΙΙ
691 3973 856 4039 publicanos
876 3974 955 4022 EGII
972 3973 1015 4039 (L,
1035 3973 1159 4038 publicos
1177 3977 1200 4023 lc
1212 3970 1270 4037 [vll.
1287 3969 1298 4037 ll
1318 3973 1348 4019 12
1369 3986 1433 4020 eae:

326 4037 361 4111 lit
374 4051 399 4115 Ε,
415 4057 463 4110 hee
484 4056 569 4125 (1(ο9
588 4057 643 4124 6⁶),
663 4074 714 4110 eae
731 4058 762 4107 11
778 4056 842 4121 (hae
860 4061 890 4116 lc,
910 4058 943 4123 he
963 4057 1005 4123 t).
1031 4055 1042 4124 ll
1065 4059 1096 4107 14
1119 4058 1258 4107 mininmm
1276 4055 1311 4104 11.
1335 4049 1348 4120 ΙΙ
1375 4050 1433 4118 qdi:

325 4126 350 4176 ⁸¹¹⁰
363 4134 432 4192 ΕΘΗ.
451 4140 464 4211 ΙΙ
486 4144 518 4194 115
536 4142 694 4194 laciendum
712 4141 770 4191 ΕΗ
786 4138 845 4205 (1,);
865 4142 1025 4192 faciundum
1045 4138 1139 4204 (¹100),
1159 4138 1172 4207 ΙΙ
1194 4140 1288 4191 lamna
1308 4140 1359 4188 (111
1375 4140 1433 4200 (lcfl

325 4205 401 4275 lffllta
416 4227 440 4278 B
457 4226 514 4293 (h).
537 4230 596 4278 item
612 4244 635 4280 v.
656 4229 688 4276 17
705 4233 730 4277 et
743 4228 785 4278 18.
806 4222 819 4292 ll
844 4228 875 4275 16
893 4228 1041 4292 inponatur
1054 4227 1106 4275 ΗΗ
1117 4225 1183 4290 (Ide,
1202 4229 1357 4291 apponatur
1376 4222 1433 4285 dcl:

324 4292 399 4364 imloll
415 4311 448 4363 Ε.
470 4307 483 4379 ll
507 4313 538 4363 1⁷
557 4315 691 4364 mutatus:
713 4311 751 4361 sle
774 4310 858 4361 ΗΗΗ.
882 4308 894 4377 ΙΙ
918 4313 949 4362 18
972 4312 1036 4376 igne
1062 4310 1085 4359 Η
1108 4306 1208 4374 (solita).
1233 4306 1245 4375 ΙΙ
1268 4313 1297 4358 et
1318 4308 1370 4357 sie:
1398 4309 1435 4355 sic

324 4377 386 4443 ΜΗ.
405 4391 416 4461 ΙΙ
441 4397 466 4447 si
488 4393 560 4459 (ante
577 4395 749 4457 restituatur)
772 4395 833 4445 EG:
861 4411 909 4450 out.
934 4396 963 4444 11
984 4393 1064 4458 (Lle).
1093 4389 1105 4459 ll
1134 4395 1165 4443 19
1188 4392 1349 4457 probabitur
1371 4390 1433 4439 EG:

248 4477 251 4518 l
322 4471 461 4531 lrotsbiffl
470 4478 551 4545 (Ιλο).
569 4476 582 4547 ll
595 4481 627 4530 21
642 4478 808 4529 chrisocolts
822 4480 877 4536 EG,
892 4477 1079 4544 chryssoeolta
1093 4479 1123 4527 11
1133 4477 1213 4540 (tta,
1228 4472 1434 4541 chyryssocolla

249 4563 254 4574 '
321 4560 427 4616 mersa
445 4565 474 4629 1).
502 4561 515 4632 ΙΙ
542 4565 575 4616 22
598 4564 636 4616 is:
663 4564 708 4615 bis
732 4566 790 4616 611.
812 4561 825 4632 ΙΙ
852 4568 885 4615 23
907 4562 1023 4629 proximi
1048 4563 1102 4611 ΗΗ
1123 4562 1205 4627 (Ltc):
1229 4560 1351 4625 proxime
1371 4559 1401 4609 G.
1420 4553 1432 4625 ll

321 4646 444 4701 ”nenium
466 4651 558 4703 Solus
581 4649 695 4699 minium
714 4649 865 4712 (Mmffinm
886 4649 919 4711 E)
944 4645 1031 4702 11611,
1056 4650 1198 4711 argentum
1217 4647 1279 4709 epit.
1300 4639 1312 4710 ΙΙ
1337 4645 1369 4692 24
1387 4659 1434 4694 no·

249 4761 253 4778 ·
320 4723 413 4785 Illitibus
438 4735 500 4790 EG:
532 4733 687 4785 inomnibus
714 4734 746 4784 Η
771 4734 850 4799 (Ltc).
877 4729 889 4799 ΙΙ
919 4735 1102 4796 procreantur
1128 4730 1165 4780 E:
1197 4732 1359 4794 procreatur
1385 4727 1437 4780 GH

1166 4812 1230 4876 12*
