3984 5825
700 651 747 697 ns
769 650 1038 700 Ancurrucruun
1062 653 1131 701 ms.
1155 655 1176 699 1.
1472 603 1511 704 ’7

365 809 450 871 aeris
474 814 506 869 et
528 804 672 870 locorum
701 806 758 890 qui
780 813 856 869 sunt
878 803 1025 870 salubres
1053 816 1110 871 aut
1131 807 1320 894 pestilentes
1342 831 1512 896 aquarum·

367 930 429 994 que
451 930 540 970 usus.
585 907 656 970 sine
678 905 730 970 his
753 907 840 969 enim
862 907 1044 972 rationibus
1072 906 1162 972 nulla
1191 908 1331 974 salubris
1354 910 1512 976 habitatio

366 1010 577 1095 lieripotest.
622 1009 693 1071 iura
715 1029 842 1094 quoque
863 1018 941 1073 nota
963 1009 1080 1073 habeat
1102 1020 1229 1097 oportet
1244 1034 1282 1075 ea
1303 1034 1510 1098 quae-neces-

366 1112 453 1176 saria
475 1119 551 1176 sunt
571 1109 732 1173 aedificiis
755 1110 979 1176 communibus
1002 1111 1163 1197 parietum
1185 1112 1228 1175 ad
1243 1113 1401 1177 ambitum
1416 1114 1510 1180 stilli-

366 1213 525 1278 cidiorum
541 1222 573 1276 et
588 1210 780 1293 cloacarum,
803 1210 972 1296 luminum,
995 1213 1074 1276 item
1088 1235 1246 1300 aquarum
1261 1214 1440 1280 ductiones
1479 1227 1511 1282 et
1529 1230 1545 1278 5

366 1324 474 1379 cetera
496 1336 579 1400 quae
607 1313 777 1378 eiusmodi
796 1323 873 1378 sunt
893 1324 971 1380 nota
993 1324 1121 1400 oportet
1143 1316 1209 1381 sint
1229 1315 1433 1400 architectis,
1463 1320 1512 1383 uti

364 1426 441 1482 ante
456 1425 593 1482 caveant
609 1438 705 1501 quam
726 1416 899 1481 instituant
918 1416 1080 1498 aedificia,
1102 1440 1144 1481 ne
1160 1419 1400 1483 controversiae
1415 1418 1510 1485 lactis

365 1519 517 1607 operibus
540 1518 687 1604 patribus
710 1516 907 1583 familiarum
929 1517 1156 1604 relinquantur
1178 1530 1210 1583 et
1231 1529 1267 1585 ut
1288 1519 1415 1604 legibus
1432 1523 1509 1585 scri-

365 1621 481 1689 bendis
518 1619 692 1708 prudentia
726 1620 835 1683 caveri
866 1620 971 1706 possit
1008 1628 1040 1694 et
1072 1619 1207 1686 locatori
1241 1630 1273 1684 et
1309 1620 1508 1687 conductori.

363 1744 505 1809 namque
535 1722 563 1784 si
589 1720 645 1784 lex
672 1722 777 1807 perite
804 1720 905 1785 fuerit
936 1723 1074 1807 scripta,
1108 1724 1169 1786 erit
1196 1732 1233 1786 ut
1261 1724 1332 1786 sine
1360 1725 1510 1808 captione
1529 1737 1561 1785 10

363 1835 500 1910 uterque
522 1822 564 1887 ab
585 1829 724 1908 utroque
747 1821 911 1886 liberetur.
950 1845 992 1885 ex
1013 1822 1191 1907 astrologia
1212 1833 1320 1888 autem
1343 1827 1508 1909 cognosci·

364 1937 417 1990 tur
443 1926 550 1990 oriens
578 1923 730 1989 occidens
763 1923 917 1988 meridies
951 1926 1146 2009 septenum,
1180 1926 1278 1988 etiam
1306 1924 1387 1989 caeli
1414 1927 1508 2009 ratio,

363 2027 602 2114 aequinoctium
631 2024 807 2089 solstitium
833 2035 994 2090 astrorum
1023 2047 1147 2091 cursus.
1197 2049 1333 2112 quorum
1359 2029 1509 2092 notitiam

364 2131 392 2193 si
420 2129 492 2215 quis
520 2149 586 2193 non
613 2126 781 2210 habuerit,
810 2126 1050 2212 horologiorum
1077 2129 1237 2193 rationem
1267 2129 1396 2193 omnino
1424 2131 1508 2193 scire

363 2254 428 2296 non
449 2230 579 2316 poterit.
1528 2245 1558 2293 15

314 2347 343 2393 11
400 2342 408 2348 ’
449 2330 531 2396 Cum
554 2352 632 2415 ergo
653 2338 745 2395 tanta
766 2330 847 2393 haec
869 2330 1042 2416 disciplina
1065 2332 1108 2395 sit
1130 2331 1344 2397 condecorata
1359 2341 1391 2396 et
1405 2332 1506 2397 abun-

363 2433 445 2497 dans
469 2431 704 2497 eruditionibus
727 2431 829 2496 variis
850 2453 890 2495 ac
904 2431 1063 2518 pluribus,
1087 2454 1153 2497 non
1167 2441 1246 2520 puto
1261 2455 1357 2520 posse
1372 2455 1408 2496 se
1422 2435 1508 2498 iuste

362 2542 497 2621 repente
524 2533 669 2619 profiteri
695 2532 890 2598 architectos
924 2534 989 2597 nisi
1022 2535 1078 2621 qui
1106 2533 1149 2598 ab
1176 2543 1283 2598 aetate
1311 2533 1428 2621 puerili
1456 2535 1506 2599 his

363 2635 521 2722 gradibus
545 2633 792 2722 disciplinarum
814 2632 1018 2719 scandendo,
1047 2636 1183 2700 scientia
1204 2629 1432 2723 plerarumque
1454 2635 1505 2701 lit-

363 2750 505 2802 terarum
528 2745 560 2801 et
581 2737 700 2800 artium
721 2737 837 2801 nutriti
859 2738 1069 2824 pervenerint
1097 2737 1140 2801 ad
1167 2760 1328 2803 summum
1349 2737 1506 2826 templum
1525 2753 1558 2801 20

313 2854 344 2901 12
362 2839 608 2905 architecturae.
652 2848 686 2902 at
705 2836 845 2902 tortasse
863 2839 982 2901 mirum
997 2838 1165 2904 videbitur
1182 2841 1342 2927 inperitis,
1365 2838 1506 2904 hominis

362 2965 459 3029 posse
485 2952 633 3006 naturam
661 2950 787 3005 tantum
815 2963 984 3006 numerum
1012 2940 1233 3005 doctrinarum
1260 2942 1446 3027 perdiscere
1475 2952 1506 3005 et

362 3045 517 3109 memoria
540 3044 716 3108 continere.
761 3065 834 3107 curn
855 3052 962 3107 autem
991 3042 1283 3106 animadverterint
1305 3064 1415 3106 omnes
1439 3041 1504 3106 dis·

363 3145 500 3234 ciplinas
528 3146 614 3209 inter
640 3167 675 3208 sc
703 3146 963 3209 coniunctionem
990 3166 1099 3207 rerum
1127 3152 1159 3207 et
1181 3144 1504 3208 communicationem

362 3247 495 3330 habere,
510 3246 580 3311 fieri
594 3268 691 3334 posse
706 3246 846 3311 faciliter
861 3243 1005 3310 credent.
1050 3244 1213 3331 encyclios
1229 3247 1316 3316 enim
1331 3244 1505 3332 disciplina
1523 3258 1556 3304 ⁴25

361 3352 410 3415 uti
445 3371 561 3436 corpus
595 3371 695 3413 unum
724 3337 777 3413 'ex
814 3348 865 3413 his
892 3348 1049 3412 membris
1075 3356 1125 3411 est
1156 3348 1345 3434 composita.
1393 3348 1505 3433 itaque

431 3609 443 3656 1
465 3608 535 3657 aeris
554 3604 577 3657 &
595 3604 635 3669 (et
648 3606 679 3670 G)
699 3606 833 3657 locorum:
851 3607 890 3656 sic
908 3604 960 3655 GH
979 3604 1023 3668 (L,
1037 3605 1110 3655 aeris
1125 3604 1247 3656 locorum
1258 3606 1345 3665 Pblct,
1366 3620 1445 3656 acres
1463 3605 1504 3656 lo·

362 3748 454 3784 corum
469 3735 510 3796 p).
535 3730 547 3799 ss
572 3736 588 3782 2
611 3734 697 3783 enim:
717 3695 775 3781 dliii
795 3750 817 3783 c.
842 3729 854 3798 ΙΙ
881 3734 897 3780 4
920 3730 1110 3781 communibus
1132 3730 1282 3795 parietum:
1305 3735 1344 3782 stc
1367 3733 1424 3783 GH.
1448 3729 1462 3799 [l
1488 3735 1505 3783 5

361 3817 559 3868 &cloacarum
576 3816 717 3867 luminum.
745 3818 812 3867 item
835 3830 969 3880 aquarum
991 3814 1145 3865 ductiones.
1175 3816 1212 3864 aie
1236 3815 1286 3866 GH
1304 3816 1374 3881 (post
1397 3816 1503 3868 cloaca-

361 3917 429 3951 rum.
456 3908 552 3968 puncto
569 3903 659 3952 addito
676 3918 693 3951 α
707 3901 761 3963 60).
779 3901 814 3951 ad
831 3900 962 3951 luminum
980 3901 1092 3962 iuteltrjoo
1110 3898 1254 3950 ductiones
1272 3908 1298 3950 et
1316 3915 1458 3966 aquarum,
1477 3908 1504 3949 ut

359 4005 386 4051 p.
407 3989 433 4049 4,
452 3990 477 4037 2.
496 3986 531 4048 cl.
554 3986 603 4043 VI,
622 3989 646 4036 9.
671 3981 683 4051 ΙΙ
711 3986 894 4036 'tinstituant
910 3999 957 4034 om.
973 4000 1003 4047 p.
1026 3979 1039 4048 ΙΙ
1068 3984 1273 4033 controuersiae
1292 3986 1329 4033 ct.
1353 3980 1366 4050 {l
1388 3986 1404 4034 8
1423 3985 1503 4047 patrii

359 4071 400 4122 ct.
416 4066 429 4136 Ι]
446 4064 462 4121 ’9
480 4070 576 4120 caveri
587 4071 658 4121 dona
676 4086 776 4121 cavere
796 4071 854 4122 GH.
867 4066 879 4136 ΙΙ
896 4067 1055 4119 condoctori
1072 4072 1090 4118 l.
1113 4065 1125 4133 ll
1150 4071 1181 4120 10
1199 4069 1328 4135 captione
1348 4068 1399 4117 GH
1417 4068 1502 4131 (LPp,

362 4155 491 4205 cautione
510 4153 586 4216 tect).
606 4151 618 4219 ll
639 4156 669 4203 11
683 4155 724 4204 Ex
738 4153 911 4219 austrologia
928 4159 987 4201 ante
1000 4168 1053 4204 rua.
1067 4152 1096 4201 H
1115 4150 1205 4217 (extra
1217 4153 1360 4220 logiaante
1373 4167 1433 4201 corr
1444 4150 1472 4211 l).
1489 4148 1500 4213 ll
1592 4150 1602 4166 ⁰

362 4242 395 4289 14
412 4254 466 4289 non
485 4245 544 4287 ante
563 4254 630 4288 corr.
649 4254 695 4288 om.
715 4241 732 4291 l.
756 4235 768 4303 ΙΙ
791 4239 823 4287 16
841 4242 861 4287 t.
885 4237 923 4287 sit
940 4237 1012 4286 haec
1031 4235 1181 4300 disciplina
1199 4238 1238 4289 eli.
1262 4233 1274 4302 ll
1299 4238 1329 4285 17
1354 4250 1400 4283 ac:
1426 4238 1455 4283 et
1472 4236 1502 4283 ch

362 4322 441 4387 (soli).
454 4319 466 4388 ll
478 4337 508 4373 se
519 4324 579 4373 add.
594 4321 651 4385 (doc
660 4326 716 4373 loco
727 4321 964 4385 Meller-Strrtbiay,
971 4327 1032 4385 post
1044 4319 1170 4385 repente)
1184 4322 1239 4371 Joc.
1257 4318 1268 4385 ΙΙ
1286 4322 1317 4369 19
1328 4317 1501 4385 escandendo

361 4409 398 4461 H.
421 4404 433 4473 ΙΙ
454 4407 646 4472 plerarumque
659 4408 823 4457 Frisemann:
846 4406 1005 4471 plerumque
1030 4405 1148 4469 (pleruq3
1167 4405 1204 4466 H,
1223 4404 1330 4468 plerum
1353 4401 1383 4464 G)
1409 4402 1489 4464 emt

361 4495 394 4543 20
412 4490 465 4553 &lu
478 4492 580 4540 artium
594 4492 627 4543 H.
644 4486 656 4556 ΙΙ
674 4492 852 4556 pervenerint
865 4491 916 4541 GH
929 4488 1014 4554 (Lep,
1033 4487 1170 4554 perveniri
1184 4490 1199 4546 Ι,
1218 4488 1381 4552 perveniant
1399 4486 1463 4550 belz).
1487 4480 1500 4550 ll

361 4578 393 4624 21
414 4579 444 4626 at
463 4576 520 4629 doc.
539 4574 631 4640 (rec.):
654 4577 760 4626 acGH.
778 4572 790 4642 ΙΙ
810 4576 927 4626 hominis
949 4574 1033 4624 Mart:
1057 4572 1210 4622 hominibus
1224 4573 1282 4621 GH.
1311 4569 1323 4637 ΙΙ
1351 4572 1383 4621 25
1404 4572 1503 4623 haberi

1593 3808 1606 3838 fl

362 4709 421 4753 aute
440 4718 509 4753 corr.
530 4703 559 4754 G.
572 4698 585 4769 ll
598 4666 714 4765 creddnt
731 4718 753 4756 c.
767 4696 779 4768 ΙΙ
791 4702 924 4753 enciclios
944 4702 965 4751 G
983 4663 1101 4771 (eridlros
1119 4715 1140 4759 e,
1160 4697 1319 4765 enchyclios
1338 4698 1382 4766 L).
