3984 5825
437 659 496 721 lot
924 667 1083 712 uretur

433 847 502 888 rum
524 821 718 905 compositio
739 817 868 903 planam
891 818 1010 880 habeat
1032 819 1119 879 inter
1139 840 1176 880 se
1197 819 1430 882 directionem.
1473 825 1572 886 sites-

432 927 513 987 mis
536 936 696 985 structum
718 921 797 999 erit,
819 931 856 981 ut
877 940 935 980 eae
956 941 1070 981 omnes
1091 918 1230 1003 angulos
1252 921 1401 985 babeant
1423 922 1569 1009 aequales.

432 1024 625 1111 cumcuim
653 1018 766 1104 auguli
794 1042 859 1082 non
885 1020 1008 1082 fuerint
1034 1042 1147 1083 omnes
1173 1023 1360 1106 aequaliter
1381 1024 1497 1108 phni„
1520 1048 1571 1089 non

433 1128 494 1188 erit
522 1135 637 1186 exacta
667 1134 704 1184 nt
730 1133 857 1206 oportet
885 1119 1054 1183 fricatum.
1104 1123 1183 1183 item
1211 1138 1357 1186 testacea
1380 1129 1510 1210 spicata
1528 1127 1572 1190 Ti·

398 1227 565 1291 eburtina
586 1236 662 1287 sunt
683 1221 860 1306 diligenter
879 1221 1053 1306 exigenda,
1075 1234 1112 1285 nt
1133 1246 1177 1285 ne
1196 1223 1341 1288 labeant
1363 1227 1502 1290 lacums
1526 1249 1574 1290 nec

432 1340 583 1392 extantes
604 1322 756 1404 tumulos,
779 1323 837 1386 sed
857 1325 923 1386 sint
946 1336 1079 1386 extenta
1101 1338 1132 1386 et
1159 1323 1204 1386 ad
1225 1326 1375 1409 regulam
1399 1329 1575 1414 perh-iata.

434 1450 553 1515 snper,
581 1425 738 1489 fricatura
764 1423 1018 1509 levigationibus
1045 1440 1078 1488 et
1105 1425 1260 1511 polituris
1287 1449 1363 1490 cum
1391 1429 1496 1492 fuerit
1517 1452 1577 1517 per·

434 1530 531 1609 fecta,
555 1529 741 1591 incernatur
761 1548 914 1608 marmor,
935 1538 968 1589 et
989 1548 1089 1612 supra
1110 1525 1231 1591 luricae
1245 1550 1289 1591 ex
1303 1530 1397 1592 calce
1411 1544 1447 1594 et
1469 1532 1580 1594 harena

434 1631 640 1696 inducantur.

385 1747 418 1794 to
520 1731 589 1797 Sub
616 1729 673 1793 din
701 1750 778 1793 vero
799 1731 943 1792 maxime
964 1729 1082 1794 idonea
1102 1730 1259 1795 faciunda
1281 1745 1359 1796 sunt
1381 1736 1580 1820 periments,
1593 1741 1626 1796 δὲ

434 1832 521 1920 quod
536 1832 796 1915 contignationes
811 1853 924 1895 umore
937 1844 1121 1895 crescentes
1141 1846 1199 1896 ant
1220 1836 1373 1899 siccitate
1395 1836 1582 1900 decrescen-

432 1949 483 2000 tes
512 1956 570 1999 seu
591 1931 844 2021 pandationibus
866 1933 1011 1995 sidentes
1032 1934 1195 1998 movendo
1215 1958 1252 1997 se
1272 1937 1402 2001 faciunt
1424 1941 1513 2002 vitia
1534 1960 1582 2026 pe·

434 2037 612 2116 vimentis,
641 2046 809 2122 praeterea
836 2032 989 2118 gelicidia
1011 2047 1045 2097 et
1065 2038 1202 2122 pruinae
1222 2061 1289 2102 non
1309 2042 1583 2128 patiunturintc-

433 2162 493 2226 gra
529 2158 727 2225 permanere.
781 2137 891 2221 itaque
923 2137 952 2198 si
987 2139 1167 2200 necesitas
1200 2143 1357 2224 coegerit,
1389 2154 1430 2204 nt
1451 2145 1584 2206 minime

384 2255 416 2303 to
436 2241 553 2305 vitiosa
567 2238 646 2302 fiant
668 2241 715 2302 sic
737 2239 799 2301 erit
820 2236 1021 2301 faciundum.
1064 2260 1139 2300 cnm
1160 2252 1334 2305 coaxatum
1348 2242 1467 2324 fuerit,
1491 2265 1585 2329 super

433 2343 535 2407 altera
562 2341 712 2405 coaxatio
738 2349 925 2402 transversa
951 2349 1118 2402 sternatur
1138 2340 1307 2428 clarisque
1326 2343 1395 2405 fixa
1418 2345 1585 2431 duplicem

435 2444 589 2534 praebeat
607 2442 842 2526 contignationi
861 2439 1095 2504 loricationem.
1131 2442 1250 2505 deinde
1271 2444 1500 2511 ruderi'novo
1522 2457 1584 2511 ter·

433 2549 481 2613 tia
508 2568 584 2634 pars
606 2555 710 2609 testae
731 2554 846 2608 tunsae
866 2542 1088 2606 admisceatur
1108 2543 1274 2629 calcisque
1295 2545 1382 2609 dnae
1404 2558 1522 2632 partes
1544 2547 1584 2611 ad

434 2651 578 2742 quinque
605 2646 751 2713 mortarii
771 2643 986 2709 mixtionibus
1008 2655 1175 2731 praestent
1194 2666 1397 2732 responsum.
1433 2652 1614 2714 statumi-tt

383 2770 417 2819 20
435 2755 566 2820 natione
594 2750 697 2833 faeta,
723 2747 825 2813 rudus
847 2747 1039 2827 induentur,
1065 2746 1165 2832 idque
1184 2747 1307 2833 pistum
1327 2748 1522 2814 absolutum
1545 2774 1585 2815 ne

434 2858 542 2924 minus
570 2853 655 2945 pede
681 2852 726 2918 sit
753 2871 908 2916 crassum.
954 2860 1034 2913 tunc
1059 2859 1168 2933 autem
1194 2847 1311 2914 nucleo
1337 2851 1501 2936 inducto,
1536 2854 1585 2918 uti

434 2984 534 3053 supra
565 2958 722 3047 scriptum
755 2965 805 3019 est
815 3004 826 3038 ‚
858 2954 1082 3041 pavimentum
1107 2973 1127 3014 e
1151 2961 1275 3015 tessera
1301 2954 1422 3036 grandi
1450 2957 1586 3019 circiter

434 3066 549 3132 binum
564 3063 705 3149 digitum
726 3080 821 3123 caesa
842 3065 986 3121 struatur
1005 3053 1173 3137 fastigium
1194 3052 1318 3117 habens
1339 3056 1377 3118 in
1395 3056 1504 3141 pedes
1529 3057 1583 3121 de·

436 3194 495 3236 nos
519 3168 640 3253 digitos
663 3163 775 3245 binos,
798 3158 885 3248 quod
906 3159 935 3221 si
957 3156 1041 3222 bene
1061 3154 1295 3242 temperabitur
1316 3164 1348 3220 et
1369 3168 1462 3221 recte
1483 3158 1582 3223 frica·

386 3289 419 3334 ss
438 3284 506 3336 tum
536 3270 651 3348 fucrit,
679 3265 722 3328 ab
749 3262 899 3328 omnibus
927 3261 1018 3323 vitiis
1045 3258 1107 3321 erit
1126 3266 1244 3320 tutum.
1287 3258 1337 3321 uti
1358 3268 1472 3322 eutem
1495 3262 1583 3324 inter

435 3380 626 3453 coagmenta
653 3365 804 3427 materies
831 3362 874 3425 ab
899 3359 1063 3444 gelicidiis
1091 3380 1132 3421 ne
1153 3356 1292 3442 laboret,
1316 3358 1462 3424 fracibus
1486 3372 1580 3448 quot·

433 3469 527 3529 annis
542 3476 619 3526 ante
640 3464 780 3525 hiemem
799 3471 972 3524 saturetur.
1008 3462 1054 3523 ita
1069 3483 1134 3523 non
1155 3462 1295 3545 patietur
1314 3462 1351 3524 in
1372 3482 1408 3523 se
1430 3464 1582 3567 recipere

503 3602 514 3645 1
535 3597 620 3654 dilde·
634 3595 828 3656 H)rectionenr
848 3595 912 3641 Gcll
931 3593 973 3654 (L,
987 3595 1160 3657 directionib;
1178 3608 1238 3649 ente
1255 3614 1322 3649 corr.
1343 3598 1372 3657 G,
1390 3597 1580 3652 delectionem

432 3687 448 3737 l,
468 3676 682 3728 delectationem
701 3677 751 3736 cl),
772 3672 784 3737 Η
807 3677 891 3722 ἳοαε
910 3675 939 3721 II
957 3672 1030 3736 (ὅθι
1054 3675 1089 3738 be
1108 3675 1167 3736 (sed
1182 3696 1263 3745 supra
1279 3700 1348 3734 corr.
1367 3682 1381 3731 l
1398 3684 1444 3750 ee)
1464 3685 1488 3733 G
1511 3685 1577 3751 (hee

430 3768 468 3813 ute
492 3761 527 3818 h,
547 3758 581 3822 lte
599 3758 641 3818 lc).
665 3753 678 3820 ss
700 3755 810 3818 3plani
826 3756 898 3803 loe:
922 3754 999 3816 pleni
1019 3756 1077 3803 GH.
1098 3754 1111 3822 ΙΙ
1133 3763 1296 3816 4testacea
1319 3767 1371 3817 GH
1392 3766 1442 3830 (ed,
1461 3770 1542 3819 -tia
1561 3772 1576 3829 l,

430 3846 478 3895 red
495 3844 568 3891 teste
588 3842 730 3900 cespicete
748 3836 792 3896 L).
810 3832 823 3899 ΙΙ
838 3837 854 3883 5
872 3840 902 3883 ut
920 3851 953 3884 ne
974 3837 1028 3885 GH
1043 3839 1094 3900 (LI,
1113 3847 1143 3890 ut
1161 3860 1215 3896 non
1233 3851 1284 3911 cl).
1301 3847 1345 3916 116
1362 3853 1497 3902 tumultus
1516 3861 1577 3904 autc

430 3942 498 3974 corr,
521 3924 548 3973 11,
573 3917 585 3985 ll
608 3919 666 3967 sint
682 3916 743 3964 aad.
761 3915 818 3963 loe,
841 3913 855 3981 Η
877 3919 892 3965 7
911 3921 1156 3981 super,fricet11ra
1236 3933 1322 3982 fuerit
1339 3951 1399 4000 eqo:
1423 3952 1509 4002 super
1527 3939 1576 3987 fri-

430 4011 553 4053 catum„
642 3996 744 4043 tuerint
763 3995 821 4049 GH.
845 3992 857 4061 Η
880 4001 948 4048 8ex
967 4001 1051 4053 calice
1073 4015 1132 4056 ante
1155 4027 1206 4061 ras.
1229 4016 1257 4066 G,
1283 4013 1296 4081 [Ι
1320 4021 1352 4068 10
1369 4020 1425 4069 ¹sut)
1448 4020 1498 4070 diu
1524 4022 1576 4071 GH

429 4084 472 4149 (1,,
493 4081 544 4130 nub
563 4078 626 4126 divo
644 4074 686 4137 le).
703 4071 715 4137 ΙΙ
732 4075 877 4128 faciunda:
895 4084 933 4130 eie
952 4084 1010 4136 GH.
1027 4082 1039 4150 ΙΙ
1056 4090 1087 4136 12
1105 4092 1227 4146 sidentes
1245 4099 1317 4151 doc:
1337 4102 1467 4153 sedentes
1483 4105 1544 4154 GH.
1560 4102 1572 4168 ΙΙ

430 4167 461 4214 'lb
480 4155 653 4210 teettrndum:
676 4157 713 4203 ee
737 4157 795 4206 (m.
820 4156 832 4223 ΙΙ
856 4164 886 4210 16
905 4169 1063 4218 sternentur
1084 4182 1143 4223 ante
1166 4193 1235 4230 corr.
1261 4183 1291 4231 G.
1315 4180 1328 4251 {l
1351 4189 1384 4237 20
1405 4187 1489 4238 rudes
1512 4197 1573 4238 ante

427 4258 495 4295 (ΞΟΠ,
516 4240 544 4288 (J.
568 4232 580 4302 ΙΙ
603 4237 703 4301 pillum
724 4238 786 4289 GH?
813 4244 920 4306 Pindum
937 4249 993 4299 JOC·
1014 4249 1052 4315 (ut
1067 4258 1167 4321 31111111),
1191 4259 1203 4327 ss
1226 4267 1255 4313 21
1281 4285 1408 4332 grassum
1432 4274 1463 4321 H
1480 4270 1539 4338 (L),
1559 4271 1571 4337 [l

427 4321 515 4375 uudoo
533 4326 592 4369 ante
609 4335 677 4371 corr.
699 4322 728 4376 G.
751 4319 764 4391 ΙΙ
791 4326 832 4376 uti
851 4328 906 4382 .SS.
926 4337 940 4382 c
959 4335 988 4391 G,
1007 4337 1155 4390 atses.
1169 4352 1219 4395 ¹est
1235 4350 1265 4397 H
1288 4348 1372 4415 (Lteb,
1399 4356 1427 4404 in
1444 4373 1526 4419 marg.
1543 4358 1573 4406 ᾖε

425 4417 509 4468 nuptu
527 4403 678 4470 scriptum).
697 4403 709 4472 ΙΙ
725 4409 757 4457 22
777 4425 791 4460 e
809 4417 929 4464 tessere:
949 4415 1066 4469 &essere
1085 4422 1113 4469 H
1131 4424 1167 4486 (c,
1186 4440 1297 4484 tessera
1315 4441 1331 4495 l,
1350 4438 1376 4486 tr
1394 4443 1506 4489 tessera
1524 4440 1571 4506 L),

426 4489 550 4538 attinuere
569 4488 591 4538 0
609 4489 649 4552 (lt
664 4492 690 4540 tn
708 4492 782 4555 rae).
806 4492 818 4561 Η
840 4500 874 4548 23
891 4499 994 4565 digitus
1007 4503 1043 4552 H.
1062 4500 1074 4569 Η
1090 4507 1122 4555 26
1140 4509 1284 4566 nelaboret
1296 4508 1422 4587 frugibus
1437 4524 1570 4587 Glfraci-

426 4567 475 4616 bun
492 4570 557 4632 doc„
577 4572 703 4624 saucibus
721 4577 809 4640 epte.):
826 4582 943 4633 nelebor
954 4584 1101 4650 &frugibus
1121 4590 1279 4658 (fragilibus
1297 4619 1312 4652 e
1329 4610 1355 4653 et
1373 4614 1434 4656 ante
1453 4623 1517 4658 corr
1544 4609 1560 4657 d

423 4647 565 4714 tlroglbus
583 4655 601 4716 l)
622 4656 648 4703 H
667 4654 712 4721 (uo
732 4658 810 4710 labor
829 4668 856 4713 et
874 4667 1000 4732 frugibus
1022 4669 1062 4737 L).
1381 4668 1386 4675 ⁸
1518 4650 1524 4662 Ι
1560 4646 1568 4668 s
