3984 5825
701 678 748 728 ou
772 680 1041 729 sncrrrraeruaa
1065 682 1133 728 nm.
1157 683 1202 728 vr.
1463 667 1522 733 147

381 834 491 897 iuncta
519 833 586 897 sint
613 832 759 917 culinae,
789 835 835 897 ita
861 834 948 898 enim
976 833 1132 897 lavationi
1159 836 1299 898 rusticae
1326 836 1522 901 ministratio
1590 858 1623 895 .’

379 957 444 999 non
459 934 521 999 erit
537 934 642 1020 longe.
679 935 821 1000 torcular
836 936 914 999 item
928 936 1115 1023 proximum
1137 938 1180 1001 sit
1203 937 1345 1020 culinae,
1368 940 1415 1002 ita
1437 939 1522 1002 enim
1562 912 1672 1017 (Ml
1680 968 1718 1013 i„

379 1036 421 1102 ad
437 1036 575 1102 olearios
590 1035 714 1102 fruetus
727 1021 907 1103 commoda
929 1038 990 1101 erit
1012 1038 1221 1121 ministratio,
1245 1039 1426 1125 habeatque
1448 1062 1521 1104 con-

379 1141 527 1204 iunctam
554 1132 713 1203 vinariam
742 1134 855 1202 cellam
883 1137 1057 1203 habentem
1085 1139 1127 1204 ab
1156 1141 1375 1225 septentrione
1402 1140 1523 1204 lumina

378 1242 607 1306 fenestrarum.
656 1262 730 1304 curn
759 1242 844 1306 enirn
872 1239 938 1304 alia
964 1249 1058 1327 parte
1085 1239 1236 1306 habuerit
1258 1264 1322 1329 qua
1349 1240 1397 1306 sol
1425 1242 1557 1307 calfo-o

379 1365 454 1408 cere
475 1343 591 1431 possit,
613 1344 726 1407 vinum
749 1340 835 1430 quod
858 1343 920 1408 erit
942 1341 976 1404 in
999 1364 1037 1405 ea
1059 1341 1139 1406 cella
1161 1342 1332 1409 confusum
1353 1344 1395 1409 ab
1418 1344 1524 1409 calore

342 1446 541 1511 sesficietur
561 1442 760 1510 inbecillum.
806 1442 927 1508 olearia
957 1453 1067 1508 autern
1100 1444 1146 1509 ita
1177 1454 1226 1510 est
1260 1445 1458 1512 conlocanda
1487 1457 1524 1511 ut

377 1545 499 1613 habeat
528 1569 548 1610 a
581 1545 718 1610 meridie
744 1545 924 1632 calidisque
952 1546 1142 1630 regionibus
1170 1545 1288 1619 lumen.
1343 1571 1409 1613 non
1437 1551 1522 1614 enirn

378 1649 476 1715 debet
496 1649 603 1714 oleum
626 1647 790 1733 congelari
814 1646 873 1712 sed
894 1656 1006 1734 tepore
1029 1647 1146 1713 caloris
1171 1651 1350 1714 extenuari.
1399 1653 1522 1736 magni-

274 1834 276 1839 ·
378 1752 511 1816 tudines
526 1760 635 1815 autem
657 1770 768 1813 earum
790 1747 833 1811 ad
854 1747 1020 1812 fructuum
1040 1751 1199 1815 rationem
1222 1762 1254 1816 et
1275 1774 1444 1817 numerum
1466 1753 1521 1815 do-
1543 1772 1573 1819 10

376 1852 496 1918 liornm
518 1862 593 1917 sunt
615 1848 787 1915 faciundae
794 1899 803 1933 ,
827 1873 909 1937 quae
931 1872 1004 1914 cum
1027 1851 1093 1915 sint
1115 1850 1277 1934 enllearia,
1301 1875 1359 1938 per
1380 1854 1522 1917 medinm

376 1976 536 2042 occupare
558 1952 678 2018 debent
711 1951 811 2040 pedes
841 1962 1026 2038 quaternos.
1067 1954 1174 2039 ipsum
1202 1962 1310 2018 autem
1331 1955 1472 2019 torcular
1495 1957 1525 2019 si

375 2079 442 2122 non
475 2054 594 2121 cocleis
625 2063 794 2142 torquetur
827 2051 884 2118 sed
914 2055 1063 2119 vectibus
1093 2065 1125 2119 et
1152 2053 1242 2141 prelo
1269 2059 1428 2143 premitur
1439 2106 1448 2139 ,
1482 2080 1522 2120 ne

374 2160 484 2223 minus
512 2156 644 2243 longum
671 2156 771 2244 pedes
801 2174 848 2220 xri
878 2157 1112 2241 constituatur,
1141 2158 1187 2221 ita
1210 2157 1295 2220 enim
1318 2158 1378 2221 erit
1402 2161 1521 2223 vectia-

374 2261 425 2324 rio
449 2261 593 2347 spatium
615 2257 817 2345 expeditum.
861 2257 999 2322 latitudo
1023 2260 1092 2323 eius
1121 2281 1162 2321 ne
1191 2259 1296 2323 minus
1324 2259 1444 2345 pedmn
1472 2283 1520 2325 se·
1542 2278 1573 2326 15

373 2382 454 2426 num
477 2360 608 2442 denum,
631 2382 707 2423 nam
730 2361 779 2424 sie
801 2360 863 2423 crit
884 2358 926 2422 ad
948 2358 1081 2446 plenum
1104 2382 1184 2446 opus
1207 2358 1402 2426 facientibus
1419 2361 1523 2425 libera

374 2464 518 2528 versatio
549 2472 582 2526 et
614 2460 778 2549 expedita.
834 2461 886 2524 sin
918 2469 1028 2525 autern
1061 2461 1187 2526 duobus
1220 2461 1320 2548 prelis
1347 2461 1417 2527 loeo
1440 2486 1521 2551 opus

338 2563 487 2648 tfuerit,
511 2572 663 2651 quattuor
685 2572 718 2626 et
739 2560 860 2647 viginti
881 2560 982 2649 pedes
1006 2561 1172 2627 latitudini
1196 2563 1323 2628 dentur.
1368 2563 1468 2629 ovilia
1491 2576 1522 2630 et

374 2663 513 2754 caprilia
527 2666 574 2731 ita
597 2673 672 2730 sunt
694 2686 812 2749 magna
834 2663 984 2727 facienda
1006 2664 1054 2728 uti
1078 2663 1206 2750 singula
1228 2687 1344 2751 pecora
1365 2688 1458 2729 areae
1480 2690 1521 2730 ne

372 2770 482 2833 minus
504 2766 605 2856 pedes
628 2776 802 2854 quaternos
826 2775 858 2829 et
881 2765 1095 2852 semipedem,
1118 2788 1159 2829 ne
1182 2764 1255 2853 plus
1278 2790 1372 2832 senos
1395 2770 1521 2855 possint
1539 2786 1571 2834 20

372 2869 505 2936 habere.
555 2869 707 2956 granaria
735 2866 911 2933 sublimata
939 2875 971 2931 et
997 2865 1041 2930 ad
1069 2867 1323 2954 septentrionem
1351 2879 1407 2933 aut
1429 2872 1518 2955 aqui-

370 2972 483 3039 lonem
515 2971 695 3060 spectantia
724 2968 955 3057 disponantur,
989 2970 1037 3033 ita
1064 2971 1149 3034 enirn
1178 2968 1341 3034 frumenta
1369 2993 1435 3035 non
1462 2994 1519 3057 po·

371 3082 486 3139 terunt
500 3074 565 3139 cito
580 3069 810 3153 concalescere,
833 3071 892 3135 sed
907 3069 1031 3134 adflatu
1045 3070 1237 3155 refrigerata
1259 3069 1316 3136 diu
1338 3082 1519 3136 servantur.

372 3195 515 3262 namque
550 3182 676 3238 ceterae
708 3174 857 3258 regiones
891 3181 1062 3259 procreant
1083 3169 1300 3236 curculionem
1324 3183 1356 3238 et
1377 3173 1519 3261 reliquas

369 3275 530 3342 bestiolas
546 3295 629 3362 quae
643 3274 815 3339 frumentis
831 3274 936 3339 solent
952 3294 1078 3338 nocere.
1102 3271 1265 3360 equilibus
1281 3296 1363 3361 quae
1377 3275 1518 3339 maxime
1536 3293 1569 3341 aa

371 3381 407 3444 in
438 3375 519 3442 villa
544 3374 617 3441 loea
644 3374 842 3441 calidissima
867 3376 989 3440 fuerint
1016 3375 1270 3459 constituantur,
1304 3376 1381 3442 dum
1406 3400 1448 3441 ne
1475 3378 1518 3441 ad

370 3480 482 3546 focum
510 3487 667 3566 spectent.
717 3499 790 3542 cum
817 3478 903 3541 euim
930 3478 1074 3541 iumenta
1101 3477 1249 3563 proxime
1277 3479 1386 3563 ignem
1408 3480 1517 3544 stabu-

329 3582 500 3665 alantur,
523 3579 656 3645 horrida
670 3579 761 3644 liunt.
806 3581 884 3644 item
905 3601 970 3643 non
992 3587 1068 3642 sunt
1089 3578 1219 3643 inutilia
1241 3582 1412 3667 praesepia
1435 3605 1517 3669 quue

373 3717 604 3732 —-a·-—-——--d-—-

443 3792 456 3839 1
475 3787 573 3867 sintH
585 3785 684 3852 (Llcssb
704 3791 768 3835 suut
786 3787 807 3837 G
825 3783 863 3851 (et
878 3792 937 3835 ante
955 3801 1025 3836 cerr.
1043 3784 1077 3849 c).
1098 3781 1111 3851 ΙΙ
1131 3789 1146 3836 2
1165 3786 1286 3836 torcular
1305 3788 1389 3837 6⁶ch
1413 3789 1517 3838 torelar

373 3891 427 3941 1111
443 3888 523 3955 (arc).
546 3885 558 3956 ss
581 3875 720 3939 sssmctds
743 3887 780 3938 11.
809 3883 821 3953 ΙΙ
847 3888 863 3937 4
890 3888 1111 3953 abseptentrione
1138 3887 1169 3935 11
1190 3888 1262 3950 (Lm,
1291 3887 1515 3938 absententrione

370 3974 411 4037 c):
435 3972 688 4040 adsepteutrioncm
713 3972 741 4022 6.
764 3967 777 4037 ΙΙ
799 3972 815 4021 5
838 3986 892 4035 qua
916 3971 950 4021 G:
978 3986 1030 4037 que
1054 3973 1082 4020 11
1104 3970 1161 4033 (tr,
1186 3985 1257 4033 quac
1276 3971 1309 4031 r).
1337 3968 1349 4037 Η
1378 3972 1516 4021 calfacere

372 4059 425 4110 GH
443 4056 487 4123 (L,
498 4057 663 4109 calefacere
685 4053 728 4122 tc).
757 4052 769 4122 ΙΙ
796 4059 925 4121 tltepore
947 4058 988 4111 ed.
1012 4051 1100 4121 (reeb
1130 4059 1252 4119 tempore
1273 4055 1323 4104 GH
1350 4054 1398 4118 (tc,
1421 4059 1514 4120 tepore

371 4142 419 4208 L).
442 4139 455 4209 ll
478 4143 510 4193 11
528 4140 687 4192 faciundae:
710 4142 748 4191 sic
767 4142 826 4190 GH.
849 4136 861 4207 ΙΙ
885 4142 916 4190 13
935 4139 1037 4190 cocleis
1062 4140 1112 4188 GII
1130 4137 1212 4201 (Llc):
1238 4138 1348 4188 cocleas
1366 4144 1426 4188 atate
1444 4155 1512 4194 corr.

370 4227 408 4285 11,
428 4225 533 4278 eccleis
551 4232 610 4276 ante
627 4242 680 4276 ras.
702 4225 731 4276 G.
747 4220 759 4291 ΙΙ
779 4226 911 4291 promitur
923 4226 978 4276 ed:
1000 4219 1140 4287 premet(&
1153 4222 1222 4282 HJur
1241 4223 1300 4271 (111.
1321 4219 1333 4289 ll
1355 4224 1385 4272 15
1404 4237 1512 4271 senum:

371 4326 467 4361 renum
485 4318 546 4362 ante
563 4327 632 4362 corr.
652 4311 682 4361 G.
703 4305 715 4377 ΙΙ
737 4311 768 4359 16
787 4310 912 4374 adpleum
931 4315 990 4358 ante
1008 4324 1076 4358 corr.
1095 4303 1284 4378 1111171900
1305 4306 1462 4357 60L2100ti
1481 4307 1512 4371 G,

370 4393 436 4446 locu
455 4395 483 4445 H
501 4393 578 4461 (lacu
594 4393 638 4460 lc).
661 4392 673 4461 ll
697 4395 728 4444 18
747 4398 863 4461 quatuor
880 4407 906 4441 a.
925 4392 984 4445 XX.
1006 4393 1035 4441 G.
1060 4386 1071 4458 ll
1096 4393 1203 4440 19sunt
1222 4386 1289 4453 (sint
1307 4389 1325 4454 l)
1344 4405 1457 4453 magna:
1476 4392 1514 4440 aie

374 4479 434 4531 oli.
453 4475 467 4546 H
491 4481 548 4533 uti:
570 4481 607 4530 stc
625 4480 683 4530 GH.
711 4475 723 4544 Ι]
747 4480 778 4527 21
798 4476 946 4526 sublimata
966 4476 986 4524 ⁶
1009 4474 1048 4538 (po
1068 4483 1093 4524 et
1111 4481 1169 4524 ante
1187 4489 1254 4525 corr.
1274 4472 1306 4537 l):
1326 4472 1466 4522 sublinata
1484 4475 1514 4522 11

373 4562 446 4627 (trec
463 4569 489 4614 et
511 4568 571 4614 ante
592 4578 660 4614 corr.
677 4561 713 4625 ll).
733 4557 745 4624 ΙΙ
765 4563 797 4610 22
815 4564 944 4625 poterunt
961 4561 996 4607 le:
1024 4560 1145 4623 poterint
1168 4558 1218 4607 GII
1241 4555 1295 4619 (L).
1319 4553 1331 4623 ΙΙ
1353 4558 1386 4606 23
1410 4555 1514 4607 adflatu

374 4646 484 4710 (efflatu
504 4644 587 4710 Joc.):
615 4645 720 4696 abflatu
742 4645 793 4696 611
811 4644 890 4709 (Ltc).
914 4640 925 4709 ΙΙ
948 4644 981 4691 24
999 4642 1102 4706 reliqas
1121 4649 1179 4692 ante
1197 4657 1265 4693 corr.
1285 4641 1321 4691 11.
1339 4636 1399 4707 {125
1417 4640 1512 4692 bistic-

364 4729 416 4782 lac
435 4731 465 4782 θ.
488 4726 502 4798 ΙΙ
524 4730 557 4781 27
575 4734 730 4798 spectetent
749 4729 778 4784 θ.
802 4725 814 4797 ΙΙ
836 4731 868 4779 28
881 4726 1004 4778 inutilia:
1021 4725 1164 4777 inuestilia
1181 4732 1240 4776 ante
1258 4741 1326 4776 corr.
1347 4724 1376 4777 θ.

1245 4808 1309 4872 10*
