<?xml version="1.0" encoding="UTF-8"?>
<!DOCTYPE html PUBLIC "-//W3C//DTD XHTML 1.0 Transitional//EN"
    "http://www.w3.org/TR/xhtml1/DTD/xhtml1-transitional.dtd">
<html xmlns="http://www.w3.org/1999/xhtml" xml:lang="en" lang="en">
 <head>
  <title>
</title>
<meta http-equiv="Content-Type" content="text/html;charset=utf-8" />
  <meta name='ocr-system' content='tesseract 3.04.00' />
  <meta name='ocr-capabilities' content='ocr_page ocr_carea ocr_par ocr_line ocrx_word'/>
</head>
<body>
  <div class='ocr_page' id='page_1' title='image "./vitruviidearchi00strgoog_0093.png"; bbox 0 0 3984 5825; ppageno 0'>
   <div class='ocr_carea' id='block_1_1' title="bbox 277 673 927 737">
    <p class='ocr_par' dir='ltr' id='par_1_1' title="bbox 277 673 927 737">
     <span class='ocr_line' id='line_1_1' title="bbox 277 673 927 737; baseline -0.02 -7"><span class='ocrx_word' id='word_1_1' title='bbox 277 674 319 737; x_wconf 71' lang='grc'>70</span> <span class='ocrx_word' id='word_1_2' title='bbox 767 673 927 720; x_wconf 81' lang='lat' dir='ltr'>VITRUVH</span> 
     </span>
    </p>
   </div>
   <div class='ocr_carea' id='block_1_2' title="bbox 233 817 1508 2830">
    <p class='ocr_par' dir='ltr' id='par_1_2' title="bbox 276 817 1457 1219">
     <span class='ocr_line' id='line_1_2' title="bbox 276 817 1424 923; baseline -0.021 -20"><span class='ocrx_word' id='word_1_3' title='bbox 276 836 466 923; x_wconf 81' lang='lat' dir='ltr'>Magnesiae</span> <span class='ocrx_word' id='word_1_4' title='bbox 487 830 579 895; x_wconf 84' lang='lat' dir='ltr'>aedis</span> <span class='ocrx_word' id='word_1_5' title='bbox 601 829 726 892; x_wconf 90' lang='lat' dir='ltr'>Dianae</span> <span class='ocrx_word' id='word_1_6' title='bbox 748 824 978 908; x_wconf 86' lang='lat' dir='ltr'>Hermogenis,</span> <span class='ocrx_word' id='word_1_7' title='bbox 1002 819 1184 885; x_wconf 80' lang='lat' dir='ltr'><strong>Alabandis</strong></span> <span class='ocrx_word' id='word_1_8' title='bbox 1207 818 1305 881; x_wconf 90' lang='lat' dir='ltr'>etiam</span> <span class='ocrx_word' id='word_1_9' title='bbox 1322 817 1424 904; x_wconf 89' lang='lat' dir='ltr'>Apol-</span> 
     </span>
     <span class='ocr_line' id='line_1_3' title="bbox 277 918 1457 1012; baseline -0.02 -9"><span class='ocrx_word' id='word_1_10' title='bbox 277 941 352 1003; x_wconf 87' lang='lat' dir='ltr'>linis</span> <span class='ocrx_word' id='word_1_11' title='bbox 374 959 394 1000; x_wconf 93' lang='lat' dir='ltr'>a</span> <span class='ocrx_word' id='word_1_12' title='bbox 415 931 585 998; x_wconf 82' lang='lat' dir='ltr'><strong>Menesthe</strong></span> <span class='ocrx_word' id='word_1_13' title='bbox 606 930 703 993; x_wconf 85' lang='lat' dir='ltr'>facta.</span> <span class='ocrx_word' id='word_1_14' title='bbox 748 927 892 1012; x_wconf 87' lang='lat' dir='ltr'>dipteros</span> <span class='ocrx_word' id='word_1_15' title='bbox 914 932 1025 987; x_wconf 92' lang='lat' dir='ltr'>autem</span> <span class='ocrx_word' id='word_1_16' title='bbox 1046 918 1223 1006; x_wconf 77' lang='lat' dir='ltr'>octastylos</span> <span class='ocrx_word' id='word_1_17' title='bbox 1246 929 1279 982; x_wconf 89' lang='lat' dir='ltr'>et</span> <span class='ocrx_word' id='word_1_18' title='bbox 1301 941 1424 1004; x_wconf 87' lang='lat' dir='ltr'>pronao</span> <span class='ocrx_word' id='word_1_19' title='bbox 1442 932 1457 979; x_wconf 80' lang='lat'><strong>7</strong></span> 
     </span>
     <span class='ocr_line' id='line_1_4' title="bbox 278 1018 1423 1126; baseline -0.02 -22"><span class='ocrx_word' id='word_1_20' title='bbox 278 1049 310 1103; x_wconf 90' lang='lat' dir='ltr'>et</span> <span class='ocrx_word' id='word_1_21' title='bbox 325 1038 468 1126; x_wconf 82' lang='lat' dir='ltr'>postico,</span> <span class='ocrx_word' id='word_1_22' title='bbox 491 1033 550 1096; x_wconf 91' lang='lat' dir='ltr'>sed</span> <span class='ocrx_word' id='word_1_23' title='bbox 572 1033 659 1095; x_wconf 87' lang='lat' dir='ltr'>eirca</span> <span class='ocrx_word' id='word_1_24' title='bbox 679 1028 796 1092; x_wconf 90' lang='lat' dir='ltr'>aedem</span> <span class='ocrx_word' id='word_1_25' title='bbox 816 1024 962 1112; x_wconf 87' lang='lat' dir='ltr'>duplices</span> <span class='ocrx_word' id='word_1_26' title='bbox 984 1024 1084 1088; x_wconf 89' lang='lat' dir='ltr'>habet</span> <span class='ocrx_word' id='word_1_27' title='bbox 1105 1021 1236 1086; x_wconf 86' lang='lat' dir='ltr'>ordines</span> <span class='ocrx_word' id='word_1_28' title='bbox 1259 1018 1423 1084; x_wconf 91' lang='lat' dir='ltr'>columna-</span> 
     </span>
     <span class='ocr_line' id='line_1_5' title="bbox 278 1122 1425 1219; baseline -0.017 -16"><span class='ocrx_word' id='word_1_29' title='bbox 278 1162 366 1219; x_wconf 85' lang='lat' dir='ltr'>rum,</span> <span class='ocrx_word' id='word_1_30' title='bbox 393 1136 442 1201; x_wconf 94' lang='lat' dir='ltr'>uti</span> <span class='ocrx_word' id='word_1_31' title='bbox 476 1143 526 1197; x_wconf 86' lang='lat' dir='ltr'>est</span> <span class='ocrx_word' id='word_1_32' title='bbox 558 1130 649 1196; x_wconf 89' lang='lat' dir='ltr'>aedis</span> <span class='ocrx_word' id='word_1_33' title='bbox 672 1129 806 1210; x_wconf 78' lang='lat' dir='ltr'>Quirini</span> <span class='ocrx_word' id='word_1_34' title='bbox 834 1127 945 1190; x_wconf 89' lang='lat' dir='ltr'>dorica</span> <span class='ocrx_word' id='word_1_35' title='bbox 968 1135 1000 1189; x_wconf 91' lang='lat' dir='ltr'>et</span> <span class='ocrx_word' id='word_1_36' title='bbox 1022 1123 1147 1210; x_wconf 83' lang='lat' dir='ltr'>Ephesi</span> <span class='ocrx_word' id='word_1_37' title='bbox 1169 1122 1296 1187; x_wconf 90' lang='lat' dir='ltr'>Dianae</span> <span class='ocrx_word' id='word_1_38' title='bbox 1318 1122 1425 1184; x_wconf 89' lang='lat' dir='ltr'>ionica</span> 
     </span>
    </p>

    <p class='ocr_par' dir='ltr' id='par_1_3' title="bbox 245 1221 1459 1706">
     <span class='ocr_line' id='line_1_6' title="bbox 245 1221 1459 1323; baseline -0.017 -18"><span class='ocrx_word' id='word_1_39' title='bbox 245 1257 298 1305; x_wconf 78' lang='lat' dir='ltr'>ea</span> <span class='ocrx_word' id='word_1_40' title='bbox 313 1235 553 1323; x_wconf 79' lang='lat' dir='ltr'>Chersiphrone</span> <span class='ocrx_word' id='word_1_41' title='bbox 574 1233 761 1298; x_wconf 86' lang='lat' dir='ltr'>constituta.</span> <span class='ocrx_word' id='word_1_42' title='bbox 793 1227 993 1316; x_wconf 89' lang='lat' dir='ltr'>hypaethroe</span> <span class='ocrx_word' id='word_1_43' title='bbox 1015 1246 1094 1288; x_wconf 89' lang='lat' dir='ltr'>vero</span> <span class='ocrx_word' id='word_1_44' title='bbox 1117 1221 1301 1308; x_wconf 82' lang='lat' dir='ltr'>decastylos</span> <span class='ocrx_word' id='word_1_45' title='bbox 1325 1224 1425 1286; x_wconf 90' lang='lat' dir='ltr'>estin</span> <span class='ocrx_word' id='word_1_46' title='bbox 1443 1236 1459 1284; x_wconf 90' lang='lat'>8</span> 
     </span>
     <span class='ocr_line' id='line_1_7' title="bbox 279 1323 1424 1429; baseline -0.017 -25"><span class='ocrx_word' id='word_1_47' title='bbox 279 1361 401 1429; x_wconf 83' lang='lat' dir='ltr'>pronao</span> <span class='ocrx_word' id='word_1_48' title='bbox 417 1347 449 1400; x_wconf 92' lang='lat' dir='ltr'>et</span> <span class='ocrx_word' id='word_1_49' title='bbox 462 1335 600 1422; x_wconf 87' lang='lat' dir='ltr'>postico.</span> <span class='ocrx_word' id='word_1_50' title='bbox 637 1331 762 1416; x_wconf 90' lang='lat' dir='ltr'>reliqua</span> <span class='ocrx_word' id='word_1_51' title='bbox 776 1331 884 1394; x_wconf 90' lang='lat' dir='ltr'>omnia</span> <span class='ocrx_word' id='word_1_52' title='bbox 906 1327 1022 1391; x_wconf 84' lang='lat' dir='ltr'>eadem</span> <span class='ocrx_word' id='word_1_53' title='bbox 1041 1325 1141 1390; x_wconf 87' lang='lat' dir='ltr'>habet</span> <span class='ocrx_word' id='word_1_54' title='bbox 1163 1345 1245 1410; x_wconf 88' lang='lat' dir='ltr'>quae</span> <span class='ocrx_word' id='word_1_55' title='bbox 1268 1323 1424 1409; x_wconf 88' lang='lat' dir='ltr'>dipteros,</span> 
     </span>
     <span class='ocr_line' id='line_1_8' title="bbox 281 1424 1425 1522; baseline -0.017 -17"><span class='ocrx_word' id='word_1_56' title='bbox 281 1441 339 1506; x_wconf 88' lang='lat' dir='ltr'>sed</span> <span class='ocrx_word' id='word_1_57' title='bbox 367 1438 521 1502; x_wconf 88' lang='lat' dir='ltr'>interiore</span> <span class='ocrx_word' id='word_1_58' title='bbox 542 1443 636 1522; x_wconf 88' lang='lat' dir='ltr'>parte</span> <span class='ocrx_word' id='word_1_59' title='bbox 657 1431 830 1497; x_wconf 83' lang='lat' dir='ltr'>columnas</span> <span class='ocrx_word' id='word_1_60' title='bbox 846 1431 881 1493; x_wconf 92' lang='lat' dir='ltr'>in</span> <span class='ocrx_word' id='word_1_61' title='bbox 901 1427 1076 1493; x_wconf 76' lang='lat' dir='ltr'>altitudine</span> <span class='ocrx_word' id='word_1_62' title='bbox 1098 1424 1425 1511; x_wconf 57' lang='lat' dir='ltr'>duplicessremotae</span> 
     </span>
     <span class='ocr_line' id='line_1_9' title="bbox 280 1525 1424 1628; baseline -0.016 -23"><span class='ocrx_word' id='word_1_63' title='bbox 280 1565 301 1605; x_wconf 91' lang='lat' dir='ltr'>a</span> <span class='ocrx_word' id='word_1_64' title='bbox 315 1539 494 1628; x_wconf 90' lang='lat' dir='ltr'>parietibus</span> <span class='ocrx_word' id='word_1_65' title='bbox 508 1535 553 1600; x_wconf 92' lang='lat' dir='ltr'>ad</span> <span class='ocrx_word' id='word_1_66' title='bbox 567 1535 827 1598; x_wconf 81' lang='lat' dir='ltr'>circumitionem</span> <span class='ocrx_word' id='word_1_67' title='bbox 847 1541 885 1597; x_wconf 93' lang='lat' dir='ltr'>ut</span> <span class='ocrx_word' id='word_1_68' title='bbox 906 1532 1052 1617; x_wconf 89' lang='lat' dir='ltr'>porticus</span> <span class='ocrx_word' id='word_1_69' title='bbox 1074 1525 1329 1614; x_wconf 82' lang='lat' dir='ltr'>peristyliorum.</span> <span class='ocrx_word' id='word_1_70' title='bbox 1359 1547 1424 1588; x_wconf 88' lang='lat' dir='ltr'>me-</span> 
     </span>
     <span class='ocr_line' id='line_1_10' title="bbox 282 1625 1427 1706; baseline -0.015 -1"><span class='ocrx_word' id='word_1_71' title='bbox 282 1643 374 1706; x_wconf 89' lang='lat' dir='ltr'>dium</span> <span class='ocrx_word' id='word_1_72' title='bbox 404 1648 514 1704; x_wconf 89' lang='lat' dir='ltr'>autem</span> <span class='ocrx_word' id='word_1_73' title='bbox 546 1637 608 1701; x_wconf 91' lang='lat' dir='ltr'>sub</span> <span class='ocrx_word' id='word_1_74' title='bbox 640 1635 699 1701; x_wconf 92' lang='lat' dir='ltr'>diu</span> <span class='ocrx_word' id='word_1_75' title='bbox 727 1644 777 1699; x_wconf 90' lang='lat' dir='ltr'>est</span> <span class='ocrx_word' id='word_1_76' title='bbox 803 1634 875 1698; x_wconf 89' lang='lat' dir='ltr'>sine</span> <span class='ocrx_word' id='word_1_77' title='bbox 902 1639 1000 1696; x_wconf 89' lang='lat' dir='ltr'>tecto.</span> <span class='ocrx_word' id='word_1_78' title='bbox 1048 1628 1157 1693; x_wconf 86' lang='lat' dir='ltr'>aditus</span> <span class='ocrx_word' id='word_1_79' title='bbox 1184 1625 1355 1692; x_wconf 89' lang='lat' dir='ltr'>valvarum</span> <span class='ocrx_word' id='word_1_80' title='bbox 1385 1648 1427 1689; x_wconf 85' lang='lat' dir='ltr'>ex</span> 
     </span>
    </p>

    <p class='ocr_par' dir='ltr' id='par_1_4' title="bbox 233 1726 1428 1923">
     <span class='ocr_line' id='line_1_11' title="bbox 233 1726 1428 1827; baseline -0.013 -21"><span class='ocrx_word' id='word_1_81' title='bbox 233 1757 265 1806; x_wconf 89' lang='lat'>10</span> <span class='ocrx_word' id='word_1_82' title='bbox 282 1754 421 1827; x_wconf 89' lang='lat' dir='ltr'>utraque</span> <span class='ocrx_word' id='word_1_83' title='bbox 452 1749 546 1827; x_wconf 87' lang='lat' dir='ltr'>parte</span> <span class='ocrx_word' id='word_1_84' title='bbox 573 1739 609 1801; x_wconf 91' lang='lat' dir='ltr'>in</span> <span class='ocrx_word' id='word_1_85' title='bbox 636 1758 757 1823; x_wconf 88' lang='lat' dir='ltr'>pronao</span> <span class='ocrx_word' id='word_1_86' title='bbox 785 1745 817 1798; x_wconf 90' lang='lat' dir='ltr'>et</span> <span class='ocrx_word' id='word_1_87' title='bbox 844 1733 980 1819; x_wconf 89' lang='lat' dir='ltr'>postico.</span> <span class='ocrx_word' id='word_1_88' title='bbox 1030 1732 1126 1795; x_wconf 93' lang='lat' dir='ltr'>huius</span> <span class='ocrx_word' id='word_1_89' title='bbox 1152 1730 1232 1794; x_wconf 90' lang='lat' dir='ltr'>item</span> <span class='ocrx_word' id='word_1_90' title='bbox 1261 1726 1428 1814; x_wconf 86' lang='lat' dir='ltr'>exemplar</span> 
     </span>
     <span class='ocr_line' id='line_1_12' title="bbox 283 1828 1323 1923; baseline -0.017 -13"><span class='ocrx_word' id='word_1_91' title='bbox 283 1846 406 1910; x_wconf 92' lang='lat' dir='ltr'>Romae</span> <span class='ocrx_word' id='word_1_92' title='bbox 420 1865 487 1907; x_wconf 92' lang='lat' dir='ltr'>non</span> <span class='ocrx_word' id='word_1_93' title='bbox 505 1849 566 1922; x_wconf 91' lang='lat' dir='ltr'>est,</span> <span class='ocrx_word' id='word_1_94' title='bbox 589 1839 647 1902; x_wconf 88' lang='lat' dir='ltr'>sed</span> <span class='ocrx_word' id='word_1_95' title='bbox 661 1837 801 1902; x_wconf 88' lang='lat' dir='ltr'>Athenis</span> <span class='ocrx_word' id='word_1_96' title='bbox 816 1831 1000 1923; x_wconf 90' lang='lat' dir='ltr'>octastylon</span> <span class='ocrx_word' id='word_1_97' title='bbox 1021 1829 1143 1917; x_wconf 89' lang='lat' dir='ltr'>templo</span> <span class='ocrx_word' id='word_1_98' title='bbox 1159 1828 1323 1918; x_wconf 90' lang='lat' dir='ltr'>Olympio.</span> 
     </span>
    </p>

    <p class='ocr_par' dir='ltr' id='par_1_5' title="bbox 248 1935 1508 2220">
     <span class='ocr_line' id='line_1_13' title="bbox 248 1935 1508 2032; baseline -0.013 -24"><span class='ocrx_word' id='word_1_99' title='bbox 248 1959 275 2008; x_wconf 93' lang='lat'>11</span> <span class='ocrx_word' id='word_1_100' title='bbox 369 1945 503 2032; x_wconf 88' lang='lat' dir='ltr'>Species</span> <span class='ocrx_word' id='word_1_101' title='bbox 529 1951 639 2006; x_wconf 91' lang='lat' dir='ltr'>autem</span> <span class='ocrx_word' id='word_1_102' title='bbox 664 1938 794 2002; x_wconf 89' lang='lat' dir='ltr'>aedium</span> <span class='ocrx_word' id='word_1_103' title='bbox 828 1944 903 1998; x_wconf 88' lang='lat' dir='ltr'>sunt</span> <span class='ocrx_word' id='word_1_104' title='bbox 929 1935 1088 2019; x_wconf 88' lang='lat' dir='ltr'>quinque,</span> <span class='ocrx_word' id='word_1_105' title='bbox 1125 1953 1261 2017; x_wconf 89' lang='lat' dir='ltr'>quarum</span> <span class='ocrx_word' id='word_1_106' title='bbox 1287 1951 1326 1994; x_wconf 92' lang='lat' dir='ltr'>ea</span> <span class='ocrx_word' id='word_1_107' title='bbox 1352 1940 1430 2005; x_wconf 87' lang='lat' dir='ltr'>sunt</span> <span class='ocrx_word' id='word_1_108' title='bbox 1445 1937 1508 2005; x_wconf 81' lang='lat'><em>(111)</em></span> 
     </span>
     <span class='ocr_line' id='line_1_14' title="bbox 285 2030 1428 2130; baseline -0.015 -19"><span class='ocrx_word' id='word_1_109' title='bbox 285 2046 455 2128; x_wconf 86' lang='lat' dir='ltr'>vocabula,</span> <span class='ocrx_word' id='word_1_110' title='bbox 477 2040 688 2130; x_wconf 90' lang='lat' dir='ltr'>pycnostylos</span> <span class='ocrx_word' id='word_1_111' title='bbox 703 2037 738 2101; x_wconf 94' lang='lat' dir='ltr'>id</span> <span class='ocrx_word' id='word_1_112' title='bbox 754 2045 803 2100; x_wconf 91' lang='lat' dir='ltr'>est</span> <span class='ocrx_word' id='word_1_113' title='bbox 819 2035 942 2098; x_wconf 88' lang='lat' dir='ltr'>crebris</span> <span class='ocrx_word' id='word_1_114' title='bbox 965 2031 1140 2113; x_wconf 84' lang='lat' dir='ltr'>columnis,</span> <span class='ocrx_word' id='word_1_115' title='bbox 1164 2030 1309 2117; x_wconf 88' lang='lat' dir='ltr'>systylos</span> <span class='ocrx_word' id='word_1_116' title='bbox 1330 2031 1428 2116; x_wconf 91' lang='lat' dir='ltr'>paulo</span> 
     </span>
     <span class='ocr_line' id='line_1_15' title="bbox 285 2130 1428 2220; baseline -0.013 -7"><span class='ocrx_word' id='word_1_117' title='bbox 285 2145 527 2213; x_wconf 86' lang='lat' dir='ltr'>remissioribus</span> <span class='ocrx_word' id='word_1_118' title='bbox 561 2137 881 2204; x_wconf 90' lang='lat' dir='ltr'>intercolumniorum</span> <span class='ocrx_word' id='word_1_119' title='bbox 919 2131 1053 2217; x_wconf 84' lang='lat' dir='ltr'>spatiis,</span> <span class='ocrx_word' id='word_1_120' title='bbox 1090 2130 1251 2218; x_wconf 88' lang='lat' dir='ltr'>diastylos</span> <span class='ocrx_word' id='word_1_121' title='bbox 1288 2132 1428 2220; x_wconf 88' lang='lat' dir='ltr'>amplius</span> 
     </span>
    </p>

    <p class='ocr_par' dir='ltr' id='par_1_6' title="bbox 237 2231 1462 2725">
     <span class='ocr_line' id='line_1_16' title="bbox 237 2231 1429 2337; baseline -0.013 -23"><span class='ocrx_word' id='word_1_122' title='bbox 237 2249 485 2337; x_wconf 69' lang='lat' dir='ltr'>repetentibus,</span> <span class='ocrx_word' id='word_1_123' title='bbox 507 2240 611 2302; x_wconf 87' lang='lat' dir='ltr'>rarius</span> <span class='ocrx_word' id='word_1_124' title='bbox 627 2260 723 2322; x_wconf 90' lang='lat' dir='ltr'>quam</span> <span class='ocrx_word' id='word_1_125' title='bbox 738 2242 866 2320; x_wconf 91' lang='lat' dir='ltr'>oportet</span> <span class='ocrx_word' id='word_1_126' title='bbox 886 2235 972 2296; x_wconf 92' lang='lat' dir='ltr'>inter</span> <span class='ocrx_word' id='word_1_127' title='bbox 993 2253 1029 2294; x_wconf 92' lang='lat' dir='ltr'>se</span> <span class='ocrx_word' id='word_1_128' title='bbox 1051 2231 1196 2297; x_wconf 90' lang='lat' dir='ltr'>diductis</span> <span class='ocrx_word' id='word_1_129' title='bbox 1218 2234 1429 2321; x_wconf 82' lang='lat' dir='ltr'>araeostylos,</span> 
     </span>
     <span class='ocr_line' id='line_1_17' title="bbox 286 2333 1462 2432; baseline -0.02 -17"><span class='ocrx_word' id='word_1_130' title='bbox 286 2347 431 2432; x_wconf 85' lang='lat' dir='ltr'>eustylos</span> <span class='ocrx_word' id='word_1_131' title='bbox 454 2338 700 2406; x_wconf 86' lang='lat' dir='ltr'>intervallorum</span> <span class='ocrx_word' id='word_1_132' title='bbox 721 2337 807 2400; x_wconf 90' lang='lat' dir='ltr'>iusta</span> <span class='ocrx_word' id='word_1_133' title='bbox 828 2333 1071 2398; x_wconf 89' lang='lat' dir='ltr'>distributione.</span> <span class='ocrx_word' id='word_1_134' title='bbox 1116 2355 1193 2419; x_wconf 83' lang='lat' dir='ltr'>ergo</span> <span class='ocrx_word' id='word_1_135' title='bbox 1215 2334 1428 2423; x_wconf 89' lang='lat' dir='ltr'>pycnostylos</span> <span class='ocrx_word' id='word_1_136' title='bbox 1446 2345 1462 2392; x_wconf 77' lang='lat' dir='ltr'>a</span> 
     </span>
     <span class='ocr_line' id='line_1_18' title="bbox 286 2434 1429 2512; baseline -0.01 0"><span class='ocrx_word' id='word_1_137' title='bbox 286 2458 336 2512; x_wconf 88' lang='lat' dir='ltr'>est</span> <span class='ocrx_word' id='word_1_138' title='bbox 356 2448 445 2510; x_wconf 87' lang='lat' dir='ltr'>cuius</span> <span class='ocrx_word' id='word_1_139' title='bbox 470 2437 716 2505; x_wconf 91' lang='lat' dir='ltr'>intercolumnio</span> <span class='ocrx_word' id='word_1_140' title='bbox 737 2437 833 2501; x_wconf 92' lang='lat' dir='ltr'>unius</span> <span class='ocrx_word' id='word_1_141' title='bbox 857 2445 889 2500; x_wconf 90' lang='lat' dir='ltr'>et</span> <span class='ocrx_word' id='word_1_142' title='bbox 910 2434 1102 2499; x_wconf 90' lang='lat' dir='ltr'>dimidiatae</span> <span class='ocrx_word' id='word_1_143' title='bbox 1124 2435 1293 2501; x_wconf 88' lang='lat' dir='ltr'>columnae</span> <span class='ocrx_word' id='word_1_144' title='bbox 1315 2439 1429 2502; x_wconf 90' lang='lat' dir='ltr'>craesi-</span> 
     </span>
     <span class='ocr_line' id='line_1_19' title="bbox 285 2536 1430 2626; baseline -0.01 -13"><span class='ocrx_word' id='word_1_145' title='bbox 285 2547 364 2614; x_wconf 92' lang='lat' dir='ltr'>tudo</span> <span class='ocrx_word' id='word_1_146' title='bbox 396 2541 564 2626; x_wconf 76' lang='lat' dir='ltr'>interponi&#39;</span> <span class='ocrx_word' id='word_1_147' title='bbox 592 2547 714 2625; x_wconf 89' lang='lat' dir='ltr'>potest,</span> <span class='ocrx_word' id='word_1_148' title='bbox 748 2536 1021 2624; x_wconf 91' lang='lat' dir='ltr'>quemadmodum</span> <span class='ocrx_word' id='word_1_149' title='bbox 1054 2547 1103 2601; x_wconf 88' lang='lat' dir='ltr'>est</span> <span class='ocrx_word' id='word_1_150' title='bbox 1135 2536 1207 2601; x_wconf 90' lang='lat' dir='ltr'>divi</span> <span class='ocrx_word' id='word_1_151' title='bbox 1235 2537 1314 2602; x_wconf 91' lang='lat' dir='ltr'>Iulii</span> <span class='ocrx_word' id='word_1_152' title='bbox 1341 2539 1430 2603; x_wconf 91' lang='lat' dir='ltr'>etin</span> 
     </span>
     <span class='ocr_line' id='line_1_20' title="bbox 286 2637 1428 2725; baseline -0.008 -13"><span class='ocrx_word' id='word_1_153' title='bbox 286 2647 435 2725; x_wconf 76' lang='lat' dir='ltr'>Caesaris</span> <span class='ocrx_word' id='word_1_154' title='bbox 463 2641 533 2705; x_wconf 85' lang='lat' dir='ltr'>foro</span> <span class='ocrx_word' id='word_1_155' title='bbox 555 2639 694 2704; x_wconf 89' lang='lat' dir='ltr'>Veneris</span> <span class='ocrx_word' id='word_1_156' title='bbox 723 2649 755 2703; x_wconf 89' lang='lat' dir='ltr'>et</span> <span class='ocrx_word' id='word_1_157' title='bbox 784 2641 813 2703; x_wconf 90' lang='lat' dir='ltr'>si</span> <span class='ocrx_word' id='word_1_158' title='bbox 842 2656 925 2725; x_wconf 86' lang='lat' dir='ltr'>quae</span> <span class='ocrx_word' id='word_1_159' title='bbox 946 2637 1030 2701; x_wconf 89' lang='lat' dir='ltr'>aliae</span> <span class='ocrx_word' id='word_1_160' title='bbox 1052 2639 1100 2701; x_wconf 91' lang='lat' dir='ltr'>sie</span> <span class='ocrx_word' id='word_1_161' title='bbox 1121 2648 1197 2703; x_wconf 90' lang='lat' dir='ltr'>sunt</span> <span class='ocrx_word' id='word_1_162' title='bbox 1219 2640 1428 2725; x_wconf 84' lang='lat' dir='ltr'>compositae.</span> 
     </span>
    </p>

    <p class='ocr_par' dir='ltr' id='par_1_7' title="bbox 235 2737 1430 2830">
     <span class='ocr_line' id='line_1_21' title="bbox 235 2737 1430 2830; baseline -0.008 -16"><span class='ocrx_word' id='word_1_163' title='bbox 235 2768 269 2815; x_wconf 79' lang='lat'>20</span> <span class='ocrx_word' id='word_1_164' title='bbox 286 2751 364 2812; x_wconf 89' lang='lat' dir='ltr'>item</span> <span class='ocrx_word' id='word_1_165' title='bbox 391 2740 535 2830; x_wconf 88' lang='lat' dir='ltr'>systylos</span> <span class='ocrx_word' id='word_1_166' title='bbox 563 2751 612 2804; x_wconf 85' lang='lat' dir='ltr'>est</span> <span class='ocrx_word' id='word_1_167' title='bbox 640 2741 675 2803; x_wconf 93' lang='lat' dir='ltr'>in</span> <span class='ocrx_word' id='word_1_168' title='bbox 697 2762 762 2827; x_wconf 91' lang='lat' dir='ltr'>qua</span> <span class='ocrx_word' id='word_1_169' title='bbox 784 2739 921 2806; x_wconf 90' lang='lat' dir='ltr'>duarum</span> <span class='ocrx_word' id='word_1_170' title='bbox 944 2737 1167 2804; x_wconf 90' lang='lat' dir='ltr'>columnarum</span> <span class='ocrx_word' id='word_1_171' title='bbox 1189 2740 1373 2806; x_wconf 86' lang='lat' dir='ltr'>crassitudo</span> <span class='ocrx_word' id='word_1_172' title='bbox 1394 2742 1430 2804; x_wconf 89' lang='lat' dir='ltr'>in</span> 
     </span>
    </p>
   </div>
   <div class='ocr_carea' id='block_1_3' title="bbox 287 2979 1432 4766">
    <p class='ocr_par' dir='ltr' id='par_1_8' title="bbox 287 2979 1432 4766">
     <span class='ocr_line' id='line_1_22' title="bbox 354 2979 1430 3058; baseline -0.003 -23"><span class='ocrx_word' id='word_1_173' title='bbox 354 2990 366 3035; x_wconf 92' lang='lat'>1</span> <span class='ocrx_word' id='word_1_174' title='bbox 388 2982 468 3034; x_wconf 88' lang='lat' dir='ltr'>aedes</span> <span class='ocrx_word' id='word_1_175' title='bbox 480 2983 541 3031; x_wconf 82' lang='lat' dir='ltr'>add.</span> <span class='ocrx_word' id='word_1_176' title='bbox 552 2983 616 3033; x_wconf 83' lang='lat' dir='ltr'>Lor.</span> <span class='ocrx_word' id='word_1_177' title='bbox 631 2980 725 3046; x_wconf 83' lang='lat' dir='ltr'>(Mar.)</span> <span class='ocrx_word' id='word_1_178' title='bbox 741 2979 753 3048; x_wconf 81' lang='lat' dir='ltr'>ss</span> <span class='ocrx_word' id='word_1_179' title='bbox 769 2980 922 3032; x_wconf 81' lang='lat' dir='ltr'>Alabandis</span> <span class='ocrx_word' id='word_1_180' title='bbox 939 2980 1026 3030; x_wconf 64' lang='lat' dir='ltr'>Mara:</span> <span class='ocrx_word' id='word_1_181' title='bbox 1045 2979 1189 3058; x_wconf 53' lang='lat' dir='ltr'>,alabandi</span> <span class='ocrx_word' id='word_1_182' title='bbox 1208 2982 1238 3045; x_wconf 81' lang='lat' dir='ltr'>G,</span> <span class='ocrx_word' id='word_1_183' title='bbox 1257 2980 1430 3032; x_wconf 77' lang='lat' dir='ltr'>alsbarinthi</span> 
     </span>
     <span class='ocr_line' id='line_1_23' title="bbox 287 3060 1428 3135; baseline -0.004 -14"><span class='ocrx_word' id='word_1_184' title='bbox 287 3071 345 3135; x_wconf 85' lang='lat' dir='ltr'>(sed</span> <span class='ocrx_word' id='word_1_185' title='bbox 356 3068 443 3118; x_wconf 89' lang='lat' dir='ltr'>rinthi</span> <span class='ocrx_word' id='word_1_186' title='bbox 454 3070 481 3117; x_wconf 85' lang='lat' dir='ltr'>r’n</span> <span class='ocrx_word' id='word_1_187' title='bbox 492 3082 545 3119; x_wconf 82' lang='lat' dir='ltr'>ras.</span> <span class='ocrx_word' id='word_1_188' title='bbox 556 3066 607 3128; x_wconf 78' lang='lat' dir='ltr'>Hc)</span> <span class='ocrx_word' id='word_1_189' title='bbox 618 3067 646 3115; x_wconf 92' lang='lat' dir='ltr'><em>H</em></span> <span class='ocrx_word' id='word_1_190' title='bbox 657 3065 735 3131; x_wconf 80' lang='lat' dir='ltr'>(hle).</span> <span class='ocrx_word' id='word_1_191' title='bbox 757 3067 822 3130; x_wconf 77' lang='lat' dir='ltr'>sort.</span> <span class='ocrx_word' id='word_1_192' title='bbox 832 3064 1009 3126; x_wconf 86' lang='lat' dir='ltr'>alabaundis,</span> <span class='ocrx_word' id='word_1_193' title='bbox 1021 3070 1049 3114; x_wconf 82' lang='lat' dir='ltr'>ut</span> <span class='ocrx_word' id='word_1_194' title='bbox 1058 3063 1224 3115; x_wconf 79' lang='lat' dir='ltr'>Labrauuda.</span> <span class='ocrx_word' id='word_1_195' title='bbox 1239 3060 1252 3131; x_wconf 85' lang='grc' dir='ltr'>ΙΙ</span> <span class='ocrx_word' id='word_1_196' title='bbox 1269 3067 1354 3116; x_wconf 90' lang='lat' dir='ltr'>etiam</span> <span class='ocrx_word' id='word_1_197' title='bbox 1368 3082 1428 3131; x_wconf 71' lang='lat' dir='ltr'>eya:</span> 
     </span>
     <span class='ocr_line' id='line_1_24' title="bbox 287 3146 1429 3218; baseline -0.004 -12"><span class='ocrx_word' id='word_1_198' title='bbox 287 3159 316 3206; x_wconf 86' lang='lat' dir='ltr'>et</span> <span class='ocrx_word' id='word_1_199' title='bbox 329 3155 387 3204; x_wconf 78' lang='lat' dir='ltr'>GH.</span> <span class='ocrx_word' id='word_1_200' title='bbox 401 3149 412 3218; x_wconf 89' lang='grc' dir='ltr'>ΙΙ</span> <span class='ocrx_word' id='word_1_201' title='bbox 429 3151 596 3201; x_wconf 69' lang='lat' dir='ltr'>tmenesthe</span> <span class='ocrx_word' id='word_1_202' title='bbox 608 3151 637 3199; x_wconf 98' lang='lat' dir='ltr'><em>H</em></span> <span class='ocrx_word' id='word_1_203' title='bbox 647 3148 729 3215; x_wconf 78' lang='lat' dir='ltr'>(hle),</span> <span class='ocrx_word' id='word_1_204' title='bbox 741 3155 804 3199; x_wconf 87' lang='lat' dir='ltr'>-te</span> <span class='ocrx_word' id='word_1_205' title='bbox 819 3151 848 3199; x_wconf 74' lang='lat' dir='ltr'>G.</span> <span class='ocrx_word' id='word_1_206' title='bbox 870 3146 882 3215; x_wconf 88' lang='grc' dir='ltr'>ΙΙ</span> <span class='ocrx_word' id='word_1_207' title='bbox 903 3153 919 3201; x_wconf 85' lang='grc'>3</span> <span class='ocrx_word' id='word_1_208' title='bbox 933 3149 1045 3200; x_wconf 88' lang='lat' dir='ltr'>aedem:</span> <span class='ocrx_word' id='word_1_209' title='bbox 1064 3149 1160 3199; x_wconf 90' lang='lat' dir='ltr'>eadem</span> <span class='ocrx_word' id='word_1_210' title='bbox 1169 3157 1291 3203; x_wconf 80' lang='lat' dir='ltr'>anterus.</span> <span class='ocrx_word' id='word_1_211' title='bbox 1302 3151 1429 3213; x_wconf 73' lang='lat' dir='ltr'>(e{dem)</span> 
     </span>
     <span class='ocr_line' id='line_1_25' title="bbox 287 3230 1430 3304; baseline -0.004 -15"><span class='ocrx_word' id='word_1_212' title='bbox 287 3240 324 3289; x_wconf 87' lang='lat' dir='ltr'>H.</span> <span class='ocrx_word' id='word_1_213' title='bbox 345 3232 357 3304; x_wconf 81' lang='lat' dir='ltr'>ll</span> <span class='ocrx_word' id='word_1_214' title='bbox 376 3238 393 3286; x_wconf 82' lang='lat'>4</span> <span class='ocrx_word' id='word_1_215' title='bbox 412 3235 490 3285; x_wconf 86' lang='lat' dir='ltr'>effesi</span> <span class='ocrx_word' id='word_1_216' title='bbox 509 3235 539 3287; x_wconf 80' lang='lat' dir='ltr'>G.</span> <span class='ocrx_word' id='word_1_217' title='bbox 561 3230 573 3299; x_wconf 89' lang='grc' dir='ltr'>ΙΙ</span> <span class='ocrx_word' id='word_1_218' title='bbox 593 3236 609 3284; x_wconf 83' lang='grc'>5</span> <span class='ocrx_word' id='word_1_219' title='bbox 627 3233 829 3299; x_wconf 84' lang='lat' dir='ltr'>Chersiphrone</span> <span class='ocrx_word' id='word_1_220' title='bbox 852 3233 929 3283; x_wconf 76' lang='lat' dir='ltr'>Saltu.</span> <span class='ocrx_word' id='word_1_221' title='bbox 950 3230 1007 3296; x_wconf 53' lang='lat' dir='ltr'>(cst.</span> <span class='ocrx_word' id='word_1_222' title='bbox 1028 3232 1087 3281; x_wconf 91' lang='lat' dir='ltr'>VII</span> <span class='ocrx_word' id='word_1_223' title='bbox 1101 3234 1156 3297; x_wconf 78' lang='lat' dir='ltr'>prs.</span> <span class='ocrx_word' id='word_1_224' title='bbox 1176 3240 1201 3282; x_wconf 85' lang='lat' dir='ltr'>et</span> <span class='ocrx_word' id='word_1_225' title='bbox 1218 3233 1252 3292; x_wconf 89' lang='lat' dir='ltr'>X,</span> <span class='ocrx_word' id='word_1_226' title='bbox 1265 3234 1306 3297; x_wconf 77' lang='lat'>5):</span> <span class='ocrx_word' id='word_1_227' title='bbox 1326 3234 1430 3298; x_wconf 82' lang='lat' dir='ltr'>therlsi</span> 
     </span>
     <span class='ocr_line' id='line_1_26' title="bbox 288 3314 1432 3384; baseline -0.003 -11"><span class='ocrx_word' id='word_1_228' title='bbox 288 3324 365 3373; x_wconf 83' lang='lat' dir='ltr'>irone</span> <span class='ocrx_word' id='word_1_229' title='bbox 386 3320 414 3378; x_wconf 77' lang='lat'>6,</span> <span class='ocrx_word' id='word_1_230' title='bbox 433 3318 604 3368; x_wconf 88' lang='lat' dir='ltr'>chresifrone</span> <span class='ocrx_word' id='word_1_231' title='bbox 624 3316 683 3380; x_wconf 84' lang='lat' dir='ltr'>(sed</span> <span class='ocrx_word' id='word_1_232' title='bbox 699 3318 762 3368; x_wconf 88' lang='lat' dir='ltr'>chre</span> <span class='ocrx_word' id='word_1_233' title='bbox 780 3318 809 3366; x_wconf 92' lang='lat' dir='ltr'>in</span> <span class='ocrx_word' id='word_1_234' title='bbox 826 3333 880 3369; x_wconf 78' lang='lat' dir='ltr'>ras.</span> <span class='ocrx_word' id='word_1_235' title='bbox 898 3318 948 3375; x_wconf 64' lang='lat' dir='ltr'>Hc,</span> <span class='ocrx_word' id='word_1_236' title='bbox 965 3314 1170 3384; x_wconf 67' lang='lat' dir='ltr'>struprum)</span> <span class='ocrx_word' id='word_1_237' title='bbox 1188 3318 1218 3365; x_wconf 94' lang='lat' dir='ltr'><em>H</em></span> <span class='ocrx_word' id='word_1_238' title='bbox 1235 3314 1319 3381; x_wconf 75' lang='lat' dir='ltr'>(Luc,</span> <span class='ocrx_word' id='word_1_239' title='bbox 1339 3318 1432 3369; x_wconf 88' lang='lat' dir='ltr'>ehresi</span> 
     </span>
     <span class='ocr_line' id='line_1_27' title="bbox 287 3384 1429 3469; baseline -0.001 -14"><span class='ocrx_word' id='word_1_240' title='bbox 287 3408 378 3456; x_wconf 80' lang='lat' dir='ltr'>fronte</span> <span class='ocrx_word' id='word_1_241' title='bbox 400 3410 460 3453; x_wconf 81' lang='lat' dir='ltr'>ante</span> <span class='ocrx_word' id='word_1_242' title='bbox 478 3419 546 3455; x_wconf 84' lang='lat' dir='ltr'>corr.</span> <span class='ocrx_word' id='word_1_243' title='bbox 564 3400 608 3465; x_wconf 83' lang='lat' dir='ltr'>L).</span> <span class='ocrx_word' id='word_1_244' title='bbox 625 3397 638 3468; x_wconf 80' lang='lat' dir='ltr'>ll</span> <span class='ocrx_word' id='word_1_245' title='bbox 657 3401 807 3466; x_wconf 88' lang='lat' dir='ltr'>hypethros</span> <span class='ocrx_word' id='word_1_246' title='bbox 824 3403 854 3450; x_wconf 93' lang='lat' dir='ltr'><em>H</em></span> <span class='ocrx_word' id='word_1_247' title='bbox 871 3384 915 3464; x_wconf 75' lang='lat' dir='ltr'>(lh,</span> <span class='ocrx_word' id='word_1_248' title='bbox 933 3400 1102 3467; x_wconf 85' lang='lat' dir='ltr'>hypaethres</span> <span class='ocrx_word' id='word_1_249' title='bbox 1120 3416 1141 3458; x_wconf 85' lang='lat' dir='ltr'>c,</span> <span class='ocrx_word' id='word_1_250' title='bbox 1159 3400 1271 3451; x_wconf 90' lang='lat' dir='ltr'>-thros</span> <span class='ocrx_word' id='word_1_251' title='bbox 1289 3412 1328 3465; x_wconf 69' lang='lat' dir='ltr'>cc,</span> <span class='ocrx_word' id='word_1_252' title='bbox 1351 3402 1429 3469; x_wconf 88' lang='lat' dir='ltr'>hipe-</span> 
     </span>
     <span class='ocr_line' id='line_1_28' title="bbox 287 3482 1428 3553; baseline 0 -14"><span class='ocrx_word' id='word_1_253' title='bbox 287 3490 364 3539; x_wconf 87' lang='lat' dir='ltr'>thros</span> <span class='ocrx_word' id='word_1_254' title='bbox 381 3486 431 3553; x_wconf 78' lang='lat' dir='ltr'>hl:</span> <span class='ocrx_word' id='word_1_255' title='bbox 450 3486 587 3551; x_wconf 90' lang='lat' dir='ltr'>hypedros</span> <span class='ocrx_word' id='word_1_256' title='bbox 606 3486 635 3536; x_wconf 78' lang='lat' dir='ltr'>H.</span> <span class='ocrx_word' id='word_1_257' title='bbox 659 3482 672 3551; x_wconf 78' lang='grc' dir='ltr'>Ι]</span> <span class='ocrx_word' id='word_1_258' title='bbox 697 3502 763 3536; x_wconf 84' lang='lat' dir='ltr'>vero</span> <span class='ocrx_word' id='word_1_259' title='bbox 790 3487 819 3535; x_wconf 93' lang='lat' dir='ltr'><em>H</em></span> <span class='ocrx_word' id='word_1_260' title='bbox 838 3485 896 3549; x_wconf 87' lang='lat' dir='ltr'>(Llc</span> <span class='ocrx_word' id='word_1_261' title='bbox 913 3492 939 3535; x_wconf 80' lang='lat' dir='ltr'>et</span> <span class='ocrx_word' id='word_1_262' title='bbox 959 3488 1087 3544; x_wconf 78' lang='lat' dir='ltr'>interlin.</span> <span class='ocrx_word' id='word_1_263' title='bbox 1109 3483 1167 3550; x_wconf 59' lang='grc' dir='ltr'>θὴς</span> <span class='ocrx_word' id='word_1_264' title='bbox 1201 3499 1214 3534; x_wconf 77' lang='lat' dir='ltr'>r</span> <span class='ocrx_word' id='word_1_265' title='bbox 1236 3482 1264 3550; x_wconf 86' lang='lat' dir='ltr'>(i.</span> <span class='ocrx_word' id='word_1_266' title='bbox 1283 3502 1306 3537; x_wconf 82' lang='lat' dir='ltr'>e.</span> <span class='ocrx_word' id='word_1_267' title='bbox 1325 3488 1428 3553; x_wconf 85' lang='lat' dir='ltr'>autem)</span> 
     </span>
     <span class='ocr_line' id='line_1_29' title="bbox 290 3567 1428 3638; baseline -0.001 -15"><span class='ocrx_word' id='word_1_268' title='bbox 290 3574 319 3623; x_wconf 81' lang='lat' dir='ltr'>G.</span> <span class='ocrx_word' id='word_1_269' title='bbox 336 3569 349 3638; x_wconf 85' lang='grc' dir='ltr'>ΙΙ</span> <span class='ocrx_word' id='word_1_270' title='bbox 364 3572 393 3620; x_wconf 89' lang='lat' dir='ltr'>in</span> <span class='ocrx_word' id='word_1_271' title='bbox 412 3586 516 3635; x_wconf 84' lang='lat' dir='ltr'>proauo</span> <span class='ocrx_word' id='word_1_272' title='bbox 537 3569 565 3621; x_wconf 82' lang='lat' dir='ltr'>(i.</span> <span class='ocrx_word' id='word_1_273' title='bbox 581 3568 594 3636; x_wconf 86' lang='grc' dir='ltr'>ΙΙ</span> <span class='ocrx_word' id='word_1_274' title='bbox 610 3572 626 3620; x_wconf 87' lang='grc'><strong>9</strong></span> <span class='ocrx_word' id='word_1_275' title='bbox 645 3571 695 3620; x_wconf 90' lang='lat' dir='ltr'>sub</span> <span class='ocrx_word' id='word_1_276' title='bbox 713 3569 776 3621; x_wconf 89' lang='lat' dir='ltr'>diuo</span> <span class='ocrx_word' id='word_1_277' title='bbox 794 3572 834 3621; x_wconf 78' lang='lat' dir='ltr'>hic</span> <span class='ocrx_word' id='word_1_278' title='bbox 853 3572 910 3621; x_wconf 83' lang='lat' dir='ltr'>GH.</span> <span class='ocrx_word' id='word_1_279' title='bbox 927 3567 939 3636; x_wconf 87' lang='grc' dir='ltr'>ΙΙ</span> <span class='ocrx_word' id='word_1_280' title='bbox 957 3572 987 3619; x_wconf 86' lang='grc'>11</span> <span class='ocrx_word' id='word_1_281' title='bbox 1007 3568 1163 3634; x_wconf 85' lang='lat' dir='ltr'>octastylon</span> <span class='ocrx_word' id='word_1_282' title='bbox 1178 3569 1281 3635; x_wconf 90' lang='lat' dir='ltr'>templo</span> <span class='ocrx_word' id='word_1_283' title='bbox 1299 3570 1428 3638; x_wconf 88' lang='lat' dir='ltr'>Olympio</span> 
     </span>
     <span class='ocr_line' id='line_1_30' title="bbox 288 3652 1427 3738; baseline -0.002 -31"><span class='ocrx_word' id='word_1_284' title='bbox 288 3672 335 3720; x_wconf 72' lang='lat' dir='ltr'>syo</span> <span class='ocrx_word' id='word_1_285' title='bbox 348 3652 455 3717; x_wconf 83' lang='lat' dir='ltr'>(Mar.):</span> <span class='ocrx_word' id='word_1_286' title='bbox 475 3654 625 3717; x_wconf 83' lang='lat' dir='ltr'>octastylos</span> <span class='ocrx_word' id='word_1_287' title='bbox 643 3653 815 3738; x_wconf 57' lang='lat' dir='ltr'>(octajtilos</span> <span class='ocrx_word' id='word_1_288' title='bbox 829 3656 861 3719; x_wconf 87' lang='lat' dir='ltr'>G)</span> <span class='ocrx_word' id='word_1_289' title='bbox 879 3654 955 3718; x_wconf 83' lang='lat' dir='ltr'>&amp;(st</span> <span class='ocrx_word' id='word_1_290' title='bbox 969 3655 1001 3720; x_wconf 76' lang='lat' dir='ltr'>G)</span> <span class='ocrx_word' id='word_1_291' title='bbox 1014 3654 1116 3720; x_wconf 90' lang='lat' dir='ltr'>templo</span> <span class='ocrx_word' id='word_1_292' title='bbox 1134 3652 1203 3720; x_wconf 82' lang='lat' dir='ltr'>oly(i</span> <span class='ocrx_word' id='word_1_293' title='bbox 1217 3654 1324 3720; x_wconf 79' lang='lat' dir='ltr'>G)mpio</span> <span class='ocrx_word' id='word_1_294' title='bbox 1340 3656 1399 3710; x_wconf 83' lang='lat' dir='ltr'>GH.</span> <span class='ocrx_word' id='word_1_295' title='bbox 1416 3654 1427 3722; x_wconf 76' lang='lat' dir='ltr'>ll</span> 
     </span>
     <span class='ocr_line' id='line_1_31' title="bbox 290 3752 1427 3823; baseline 0 -16"><span class='ocrx_word' id='word_1_296' title='bbox 290 3760 321 3807; x_wconf 91' lang='grc'>13</span> <span class='ocrx_word' id='word_1_297' title='bbox 332 3754 505 3821; x_wconf 80' lang='lat' dir='ltr'>pig&#39;nastylos</span> <span class='ocrx_word' id='word_1_298' title='bbox 523 3755 552 3805; x_wconf 92' lang='lat' dir='ltr'><em>H</em></span> <span class='ocrx_word' id='word_1_299' title='bbox 570 3752 650 3820; x_wconf 83' lang='lat' dir='ltr'>(Lte),</span> <span class='ocrx_word' id='word_1_300' title='bbox 668 3757 755 3822; x_wconf 79' lang='lat' dir='ltr'>pigna</span> <span class='ocrx_word' id='word_1_301' title='bbox 772 3756 850 3808; x_wconf 86' lang='lat' dir='ltr'>stilos</span> <span class='ocrx_word' id='word_1_302' title='bbox 868 3758 890 3809; x_wconf 84' lang='grc' dir='ltr'>θ</span> <span class='ocrx_word' id='word_1_303' title='bbox 907 3756 1002 3823; x_wconf 79' lang='lat' dir='ltr'>(pigno</span> <span class='ocrx_word' id='word_1_304' title='bbox 1019 3756 1098 3806; x_wconf 91' lang='lat' dir='ltr'>stilos</span> <span class='ocrx_word' id='word_1_305' title='bbox 1115 3755 1167 3817; x_wconf 62' lang='grc' dir='ltr'>ὄσ).</span> <span class='ocrx_word' id='word_1_306' title='bbox 1195 3752 1208 3823; x_wconf 85' lang='grc' dir='ltr'>ΙΙ</span> <span class='ocrx_word' id='word_1_307' title='bbox 1235 3756 1347 3821; x_wconf 83' lang='lat' dir='ltr'>sistylos</span> <span class='ocrx_word' id='word_1_308' title='bbox 1366 3757 1395 3808; x_wconf 77' lang='lat'>6.</span> <span class='ocrx_word' id='word_1_309' title='bbox 1415 3756 1427 3822; x_wconf 83' lang='grc' dir='ltr'>Η</span> 
     </span>
     <span class='ocr_line' id='line_1_32' title="bbox 290 3837 1429 3906; baseline 0.001 -16"><span class='ocrx_word' id='word_1_310' title='bbox 290 3843 322 3891; x_wconf 84' lang='grc'><strong>14</strong></span> <span class='ocrx_word' id='word_1_311' title='bbox 344 3840 547 3891; x_wconf 85' lang='lat' dir='ltr'>remissioribus</span> <span class='ocrx_word' id='word_1_312' title='bbox 572 3841 843 3891; x_wconf 86' lang='lat' dir='ltr'>intercolumniorum</span> <span class='ocrx_word' id='word_1_313' title='bbox 869 3841 967 3906; x_wconf 83' lang='lat' dir='ltr'>spatiis</span> <span class='ocrx_word' id='word_1_314' title='bbox 995 3837 1066 3906; x_wconf 71' lang='lat' dir='ltr'>(epo,</span> <span class='ocrx_word' id='word_1_315' title='bbox 1094 3840 1316 3892; x_wconf 87' lang='lat' dir='ltr'>intercolumniis</span> <span class='ocrx_word' id='word_1_316' title='bbox 1341 3841 1429 3903; x_wconf 63' lang='lat' dir='ltr'>Lon),</span> 
     </span>
     <span class='ocr_line' id='line_1_33' title="bbox 289 3924 1429 3990; baseline 0.003 -17"><span class='ocrx_word' id='word_1_317' title='bbox 289 3924 424 3987; x_wconf 83' lang='lat' dir='ltr'>diastylos</span> <span class='ocrx_word' id='word_1_318' title='bbox 447 3924 499 3988; x_wconf 87' lang='lat' dir='ltr'>(ed.</span> <span class='ocrx_word' id='word_1_319' title='bbox 521 3924 598 3988; x_wconf 77' lang='lat' dir='ltr'>Ver.)</span> <span class='ocrx_word' id='word_1_320' title='bbox 620 3924 749 3990; x_wconf 87' lang='lat' dir='ltr'>amplius:</span> <span class='ocrx_word' id='word_1_321' title='bbox 777 3925 981 3976; x_wconf 85' lang='lat' dir='ltr'>remissioribus</span> <span class='ocrx_word' id='word_1_322' title='bbox 1003 3926 1077 3976; x_wconf 89' lang='lat' dir='ltr'>inter</span> <span class='ocrx_word' id='word_1_323' title='bbox 1099 3925 1202 3989; x_wconf 89' lang='lat' dir='ltr'>estylos</span> <span class='ocrx_word' id='word_1_324' title='bbox 1230 3924 1429 3988; x_wconf 86' lang='lat' dir='ltr'>(remisioribus</span> 
     </span>
     <span class='ocr_line' id='line_1_34' title="bbox 289 4004 1430 4075; baseline 0.002 -17"><span class='ocrx_word' id='word_1_325' title='bbox 289 4008 459 4059; x_wconf 86' lang='lat' dir='ltr'>interestilos</span> <span class='ocrx_word' id='word_1_326' title='bbox 478 4009 509 4074; x_wconf 83' lang='lat' dir='ltr'>G)</span> <span class='ocrx_word' id='word_1_327' title='bbox 529 4008 645 4075; x_wconf 89' lang='lat' dir='ltr'>amplius</span> <span class='ocrx_word' id='word_1_328' title='bbox 665 4010 724 4061; x_wconf 81' lang='lat' dir='ltr'>GH.</span> <span class='ocrx_word' id='word_1_329' title='bbox 747 4004 760 4075; x_wconf 80' lang='lat' dir='ltr'>ll</span> <span class='ocrx_word' id='word_1_330' title='bbox 784 4012 815 4061; x_wconf 80' lang='lat'>15</span> <span class='ocrx_word' id='word_1_331' title='bbox 833 4010 922 4060; x_wconf 86' lang='lat' dir='ltr'>rarius</span> <span class='ocrx_word' id='word_1_332' title='bbox 937 4010 1008 4059; x_wconf 73' lang='lat' dir='ltr'>loa:</span> <span class='ocrx_word' id='word_1_333' title='bbox 1027 4024 1089 4059; x_wconf 88' lang='lat' dir='ltr'>rare</span> <span class='ocrx_word' id='word_1_334' title='bbox 1109 4010 1166 4059; x_wconf 83' lang='lat' dir='ltr'>GH.</span> <span class='ocrx_word' id='word_1_335' title='bbox 1190 4006 1203 4075; x_wconf 79' lang='lat' dir='ltr'>ll</span> <span class='ocrx_word' id='word_1_336' title='bbox 1226 4009 1345 4059; x_wconf 90' lang='lat' dir='ltr'>diductis</span> <span class='ocrx_word' id='word_1_337' title='bbox 1365 4011 1430 4060; x_wconf 84' lang='lat' dir='ltr'>Get</span> 
     </span>
     <span class='ocr_line' id='line_1_35' title="bbox 289 4090 1428 4159; baseline -0.002 -15"><span class='ocrx_word' id='word_1_338' title='bbox 289 4100 348 4144; x_wconf 81' lang='lat' dir='ltr'>ante</span> <span class='ocrx_word' id='word_1_339' title='bbox 365 4108 434 4145; x_wconf 80' lang='lat' dir='ltr'>corr.</span> <span class='ocrx_word' id='word_1_340' title='bbox 453 4095 483 4142; x_wconf 93' lang='lat' dir='ltr'><em>H</em></span> <span class='ocrx_word' id='word_1_341' title='bbox 500 4092 637 4157; x_wconf 87' lang='lat' dir='ltr'>(deductis</span> <span class='ocrx_word' id='word_1_342' title='bbox 656 4092 764 4157; x_wconf 68' lang='lat' dir='ltr'>Hoste).</span> <span class='ocrx_word' id='word_1_343' title='bbox 787 4090 800 4159; x_wconf 82' lang='grc' dir='ltr'>ΙΙ</span> <span class='ocrx_word' id='word_1_344' title='bbox 827 4094 947 4144; x_wconf 86' lang='lat' dir='ltr'>diductis</span> <span class='ocrx_word' id='word_1_345' title='bbox 965 4092 1152 4158; x_wconf 87' lang='lat' dir='ltr'>araeostylos,</span> <span class='ocrx_word' id='word_1_346' title='bbox 1175 4091 1298 4157; x_wconf 88' lang='lat' dir='ltr'>eustylos</span> <span class='ocrx_word' id='word_1_347' title='bbox 1316 4094 1357 4144; x_wconf 82' lang='lat' dir='ltr'>ed.</span> <span class='ocrx_word' id='word_1_348' title='bbox 1375 4094 1428 4145; x_wconf 62' lang='lat' dir='ltr'>Fla</span> 
     </span>
     <span class='ocr_line' id='line_1_36' title="bbox 290 4176 1429 4243; baseline 0.001 -17"><span class='ocrx_word' id='word_1_349' title='bbox 290 4177 604 4242; x_wconf 81' lang='lat' dir='ltr'>deductis.Areostylos</span> <span class='ocrx_word' id='word_1_350' title='bbox 624 4181 652 4227; x_wconf 89' lang='lat' dir='ltr'>et</span> <span class='ocrx_word' id='word_1_351' title='bbox 672 4176 758 4242; x_wconf 89' lang='lat' dir='ltr'>stylos</span> <span class='ocrx_word' id='word_1_352' title='bbox 781 4179 810 4227; x_wconf 98' lang='lat' dir='ltr'><em>H</em></span> <span class='ocrx_word' id='word_1_353' title='bbox 833 4176 917 4243; x_wconf 75' lang='lat' dir='ltr'>(Lis),</span> <span class='ocrx_word' id='word_1_354' title='bbox 940 4178 1279 4229; x_wconf 81' lang='lat' dir='ltr'>diductis.Areostilos</span> <span class='ocrx_word' id='word_1_355' title='bbox 1303 4178 1429 4243; x_wconf 87' lang='lat' dir='ltr'>spatiis</span> 
     </span>
     <span class='ocr_line' id='line_1_37' title="bbox 289 4258 1430 4328; baseline 0 -17"><span class='ocrx_word' id='word_1_356' title='bbox 289 4261 597 4313; x_wconf 84' lang='lat' dir='ltr'>intercolumniorr&#39;r</span> <span class='ocrx_word' id='word_1_357' title='bbox 613 4258 837 4326; x_wconf 81' lang='lat' dir='ltr'>lpignostilos</span> <span class='ocrx_word' id='word_1_358' title='bbox 855 4262 977 4327; x_wconf 74' lang='lat' dir='ltr'>spatiis</span> <span class='ocrx_word' id='word_1_359' title='bbox 1000 4260 1201 4313; x_wconf 87' lang='lat' dir='ltr'>indiastilos</span> <span class='ocrx_word' id='word_1_360' title='bbox 1220 4258 1382 4328; x_wconf 77' lang='lat' dir='ltr'>areostillos</span> <span class='ocrx_word' id='word_1_361' title='bbox 1401 4266 1430 4312; x_wconf 89' lang='lat' dir='ltr'>et</span> 
     </span>
     <span class='ocr_line' id='line_1_38' title="bbox 289 4344 1429 4412; baseline 0 -17"><span class='ocrx_word' id='word_1_362' title='bbox 289 4346 369 4396; x_wconf 91' lang='lat' dir='ltr'>stilos</span> <span class='ocrx_word' id='word_1_363' title='bbox 381 4346 403 4395; x_wconf 80' lang='lat' dir='ltr'><em>G</em></span> <span class='ocrx_word' id='word_1_364' title='bbox 409 4344 463 4409; x_wconf 72' lang='lat' dir='ltr'>(uti</span> <span class='ocrx_word' id='word_1_365' title='bbox 472 4346 506 4395; x_wconf 70' lang='lat'>6⁶</span> <span class='ocrx_word' id='word_1_366' title='bbox 513 4348 582 4397; x_wconf 80' lang='lat' dir='ltr'>linea</span> <span class='ocrx_word' id='word_1_367' title='bbox 590 4348 719 4397; x_wconf 80' lang='lat' dir='ltr'>deleturus</span> <span class='ocrx_word' id='word_1_368' title='bbox 727 4347 849 4398; x_wconf 68' lang='lat' dir='ltr'>adducit</span> <span class='ocrx_word' id='word_1_369' title='bbox 856 4345 934 4397; x_wconf 84' lang='lat' dir='ltr'>verba</span> <span class='ocrx_word' id='word_1_370' title='bbox 942 4362 977 4396; x_wconf 78' lang='lat' dir='ltr'>ex</span> <span class='ocrx_word' id='word_1_371' title='bbox 985 4363 1066 4412; x_wconf 64' lang='lat' dir='ltr'>marg.</span> <span class='ocrx_word' id='word_1_372' title='bbox 1075 4345 1429 4399; x_wconf 78' lang='lat' dir='ltr'>scit.r&#39;nsertaAreostilos—</span> 
     </span>
     <span class='ocr_line' id='line_1_39' title="bbox 289 4426 1429 4509; baseline 0.001 -32"><span class='ocrx_word' id='word_1_373' title='bbox 289 4428 464 4493; x_wconf 87' lang='lat' dir='ltr'>indiastilos).</span> <span class='ocrx_word' id='word_1_374' title='bbox 482 4427 495 4496; x_wconf 80' lang='grc' dir='ltr'>ΙΙ</span> <span class='ocrx_word' id='word_1_375' title='bbox 511 4433 544 4482; x_wconf 86' lang='grc'><strong>16</strong></span> <span class='ocrx_word' id='word_1_376' title='bbox 555 4430 725 4497; x_wconf 76' lang='lat' dir='ltr'>pignostylos</span> <span class='ocrx_word' id='word_1_377' title='bbox 739 4431 775 4495; x_wconf 86' lang='lat' dir='ltr'>H,</span> <span class='ocrx_word' id='word_1_378' title='bbox 787 4429 969 4509; x_wconf 54' lang='lat' dir='ltr'>pignojtilos</span> <span class='ocrx_word' id='word_1_379' title='bbox 983 4433 1012 4482; x_wconf 82' lang='lat' dir='ltr'>G.</span> <span class='ocrx_word' id='word_1_380' title='bbox 1030 4426 1041 4497; x_wconf 78' lang='grc' dir='ltr'><strong>Π</strong></span> <span class='ocrx_word' id='word_1_381' title='bbox 1058 4432 1090 4481; x_wconf 91' lang='grc'><strong>18</strong></span> <span class='ocrx_word' id='word_1_382' title='bbox 1103 4435 1145 4481; x_wconf 90' lang='lat' dir='ltr'>est</span> <span class='ocrx_word' id='word_1_383' title='bbox 1156 4432 1187 4479; x_wconf 91' lang='lat' dir='ltr'><em>H</em></span> <span class='ocrx_word' id='word_1_384' title='bbox 1197 4431 1256 4492; x_wconf 87' lang='lat' dir='ltr'>(Lla</span> <span class='ocrx_word' id='word_1_385' title='bbox 1274 4439 1299 4481; x_wconf 81' lang='lat' dir='ltr'>et</span> <span class='ocrx_word' id='word_1_386' title='bbox 1310 4432 1337 4481; x_wconf 84' lang='lat' dir='ltr'>in</span> <span class='ocrx_word' id='word_1_387' title='bbox 1348 4446 1429 4495; x_wconf 64' lang='lat' dir='ltr'>marg.</span> 
     </span>
     <span class='ocr_line' id='line_1_40' title="bbox 292 4526 1430 4598; baseline 0.003 -19"><span class='ocrx_word' id='word_1_388' title='bbox 292 4529 349 4594; x_wconf 58' lang='grc' dir='ltr'>θὴς</span> <span class='ocrx_word' id='word_1_389' title='bbox 368 4546 416 4580; x_wconf 87' lang='lat' dir='ltr'>om.</span> <span class='ocrx_word' id='word_1_390' title='bbox 435 4531 464 4580; x_wconf 73' lang='grc' dir='ltr'>(ἶ.</span> <span class='ocrx_word' id='word_1_391' title='bbox 488 4526 500 4597; x_wconf 84' lang='lat' dir='ltr'>{l</span> <span class='ocrx_word' id='word_1_392' title='bbox 521 4530 572 4581; x_wconf 91' lang='lat' dir='ltr'>iuli</span> <span class='ocrx_word' id='word_1_393' title='bbox 588 4538 647 4583; x_wconf 81' lang='lat' dir='ltr'>ante</span> <span class='ocrx_word' id='word_1_394' title='bbox 664 4548 733 4583; x_wconf 83' lang='lat' dir='ltr'>corr.</span> <span class='ocrx_word' id='word_1_395' title='bbox 751 4532 792 4591; x_wconf 88' lang='lat' dir='ltr'>H,</span> <span class='ocrx_word' id='word_1_396' title='bbox 811 4531 873 4591; x_wconf 90' lang='lat' dir='ltr'>iulii</span> <span class='ocrx_word' id='word_1_397' title='bbox 892 4530 955 4582; x_wconf 79' lang='lat' dir='ltr'>OH0</span> <span class='ocrx_word' id='word_1_398' title='bbox 973 4528 1053 4596; x_wconf 77' lang='lat' dir='ltr'>(Lis).</span> <span class='ocrx_word' id='word_1_399' title='bbox 1076 4528 1089 4598; x_wconf 84' lang='lat' dir='ltr'>ss</span> <span class='ocrx_word' id='word_1_400' title='bbox 1111 4534 1142 4582; x_wconf 88' lang='grc'><strong>19</strong></span> <span class='ocrx_word' id='word_1_401' title='bbox 1162 4531 1338 4596; x_wconf 76' lang='lat' dir='ltr'>compositae.</span> <span class='ocrx_word' id='word_1_402' title='bbox 1356 4531 1430 4582; x_wconf 90' lang='lat' dir='ltr'>Item</span> 
     </span>
     <span class='ocr_line' id='line_1_41' title="bbox 288 4612 1429 4681; baseline 0.006 -21"><span class='ocrx_word' id='word_1_403' title='bbox 288 4613 360 4662; x_wconf 73' lang='lat' dir='ltr'>loa:</span> <span class='ocrx_word' id='word_1_404' title='bbox 379 4614 581 4681; x_wconf 70' lang='lat' dir='ltr'>conpositae(te</span> <span class='ocrx_word' id='word_1_405' title='bbox 600 4617 632 4679; x_wconf 83' lang='lat' dir='ltr'>G)</span> <span class='ocrx_word' id='word_1_406' title='bbox 655 4616 817 4681; x_wconf 86' lang='lat' dir='ltr'>patentibus</span> <span class='ocrx_word' id='word_1_407' title='bbox 838 4631 910 4665; x_wconf 82' lang='lat' dir='ltr'>rare.</span> <span class='ocrx_word' id='word_1_408' title='bbox 944 4615 1013 4664; x_wconf 88' lang='lat' dir='ltr'>Item</span> <span class='ocrx_word' id='word_1_409' title='bbox 1038 4615 1088 4665; x_wconf 79' lang='lat' dir='ltr'>GH</span> <span class='ocrx_word' id='word_1_410' title='bbox 1111 4612 1205 4679; x_wconf 63' lang='lat' dir='ltr'>(verbra</span> <span class='ocrx_word' id='word_1_411' title='bbox 1222 4630 1429 4679; x_wconf 64' lang='lat' dir='ltr'>exsuperare</span> 
     </span>
     <span class='ocr_line' id='line_1_42' title="bbox 289 4692 1429 4766; baseline 0.005 -23"><span class='ocrx_word' id='word_1_412' title='bbox 289 4696 425 4759; x_wconf 78' lang='lat' dir='ltr'>repetitis).</span> <span class='ocrx_word' id='word_1_413' title='bbox 449 4692 462 4761; x_wconf 78' lang='lat' dir='ltr'>ll</span> <span class='ocrx_word' id='word_1_414' title='bbox 484 4698 695 4751; x_wconf 78' lang='lat' dir='ltr'>201tesistilos</span> <span class='ocrx_word' id='word_1_415' title='bbox 715 4700 747 4751; x_wconf 77' lang='lat'>0:</span> <span class='ocrx_word' id='word_1_416' title='bbox 766 4701 838 4751; x_wconf 87' lang='lat' dir='ltr'>Item</span> <span class='ocrx_word' id='word_1_417' title='bbox 850 4697 937 4763; x_wconf 88' lang='lat' dir='ltr'>stylos</span> <span class='ocrx_word' id='word_1_418' title='bbox 955 4699 983 4749; x_wconf 94' lang='lat' dir='ltr'><em>H</em></span> <span class='ocrx_word' id='word_1_419' title='bbox 995 4696 1074 4764; x_wconf 79' lang='lat' dir='ltr'>(Hc).</span> <span class='ocrx_word' id='word_1_420' title='bbox 1098 4695 1110 4765; x_wconf 85' lang='grc' dir='ltr'>ΙΙ</span> <span class='ocrx_word' id='word_1_421' title='bbox 1133 4714 1186 4764; x_wconf 86' lang='lat' dir='ltr'>qua</span> <span class='ocrx_word' id='word_1_422' title='bbox 1203 4700 1282 4753; x_wconf 70' lang='lat' dir='ltr'>Part:</span> <span class='ocrx_word' id='word_1_423' title='bbox 1302 4713 1355 4766; x_wconf 89' lang='lat' dir='ltr'>quo</span> <span class='ocrx_word' id='word_1_424' title='bbox 1369 4700 1429 4755; x_wconf 83' lang='lat' dir='ltr'>GH.</span> 
     </span>
    </p>
   </div>
   <div class='ocr_carea' id='block_1_4' title="bbox 0 0 1999 5825">
    <p class='ocr_par' dir='ltr' id='par_1_9' title="bbox 0 0 1999 5825">
     <span class='ocr_line' id='line_1_43' title="bbox 0 0 1999 5825; baseline 0 0"><span class='ocrx_word' id='word_1_425' title='bbox 0 0 1999 5825; x_wconf 95' lang='lat' dir='ltr'> </span> 
     </span>
    </p>
   </div>
  </div>
 </body>
</html>
