3984 5825
702 687 748 735 nn
771 686 1016 736 ancurrnorua
1038 687 1131 736 aare.
1155 689 1191 734 11.
1224 762 1233 773 .
1473 674 1516 738 59

371 839 499 903 Dianae
511 889 521 923 ,
552 841 650 905 etiam
677 839 843 905 lacunaria
865 850 897 907 et
919 841 967 905 ibi
991 850 1023 905 et
1045 842 1079 904 in
1102 843 1218 905 ceteris
1240 841 1406 906 nobilibus
1429 843 1515 908 fanis

371 950 504 1029 propter
534 943 761 1008 aeternitatem
788 953 864 1007 sunt
891 943 987 1007 facta.
1036 952 1214 1007 nascuntur
1245 953 1353 1007 autem
1382 967 1439 1008 eae
1465 967 1514 1008 ar-

370 1043 465 1109 bores
499 1046 642 1109 maxime
663 1045 781 1110 Cretae
808 1053 840 1108 et
862 1045 996 1108 Africae
1024 1054 1056 1108 et
1085 1042 1248 1109 nonnullis
1272 1044 1387 1132 Syriae
1409 1048 1513 1131 regio-

320 1159 353 1206 14
369 1147 478 1211 nibus.
523 1146 607 1212 larix
635 1168 725 1230 vero,
754 1168 836 1233 quae
861 1169 927 1211 non
950 1154 1000 1210 est
1021 1155 1099 1211 nota
1125 1147 1191 1210 nisi
1212 1146 1241 1210 is
1263 1146 1514 1232 municipalibus

370 1250 427 1334 qui
448 1257 525 1313 sunt
547 1248 761 1334 cirea'ripam
782 1248 927 1312 fluminis
942 1248 1027 1312 Padi
1049 1258 1081 1313 et
1102 1246 1198 1313 litora
1219 1249 1320 1311 maris
1342 1247 1514 1332 Hadriani,
1533 1263 1549 1311 5

370 1373 435 1414 non
461 1349 567 1415 solum
593 1350 636 1414 ab
664 1352 734 1414 suci
761 1349 947 1414 vehementi
974 1351 1146 1414 amaritate
1172 1349 1215 1413 ab
1238 1348 1324 1412 carie
1345 1359 1402 1414 aut
1429 1351 1515 1414 tinea

369 1473 435 1516 non
460 1461 612 1534 nocetur,
646 1451 704 1516 sed
732 1453 831 1516 etiam
858 1451 1022 1515 flammam
1052 1471 1093 1514 ex
1119 1451 1191 1535 igni
1212 1471 1277 1514 non
1299 1451 1432 1537 recipit,
1456 1474 1515 1515 nec

368 1554 441 1640 ipsa
476 1575 536 1640 per
567 1575 603 1617 se
636 1562 743 1640 potest
775 1553 891 1618 ardere
922 1552 987 1615 nisi
1020 1552 1069 1617 uti
1097 1574 1212 1616 saxum
1244 1553 1280 1614 in
1314 1551 1444 1617 fornace
1472 1553 1515 1616 ad

370 1653 492 1719 calcem
507 1654 709 1741 coquendam
729 1653 804 1719 aliis
826 1653 925 1740 lignis
947 1661 1070 1717 uratur.
1114 1675 1174 1718 nec
1196 1661 1304 1717 tamen
1326 1662 1403 1717 tunc
1424 1655 1514 1719 flam-

300 1794 305 1801 ·
368 1779 454 1822 mam
481 1759 599 1844 recipit
620 1779 681 1821 nec
703 1757 875 1822 carbonem
896 1756 1051 1838 remittit,
1080 1754 1139 1817 sed
1166 1752 1265 1839 longo
1294 1757 1399 1841 spatio
1421 1756 1515 1820 tarde
1535 1770 1566 1819 10

370 1857 581 1925 comburitur.
640 1859 727 1946 quod
761 1868 810 1922 est
837 1859 972 1921 minima
1004 1857 1090 1941 ignis
1125 1865 1157 1920 et
1185 1856 1270 1920 aeris
1299 1877 1317 1918 e
1344 1857 1514 1943 principiis
1608 1924 1612 1934 ,

368 1970 600 2048 temperatura,
623 1982 735 2024 umore
750 1969 858 2025 autem
874 1968 906 2024 et
926 1968 1055 2023 terreno
1078 1967 1128 2021 est
1149 1958 1255 2043 spisse
1277 1956 1426 2040 solidata,
1449 1980 1515 2023 non

367 2062 466 2127 habet
481 2063 588 2149 spatia
610 2061 805 2126 foraminum
828 2083 892 2147 qua
913 2061 1018 2147 possit
1040 2059 1126 2144 ignis
1150 2057 1331 2145 penetrare,
1356 2061 1515 2146 reicitque

368 2166 436 2229 eius
457 2164 527 2227 vim
549 2185 610 2228 nec
631 2165 754 2250 patitur
774 2162 817 2227 ab
840 2184 877 2227 eo
900 2161 965 2226 sibi
988 2162 1053 2227 cito
1075 2161 1195 2243 noceri,
1218 2169 1414 2247 propterque
1435 2184 1514 2248 pon·
1588 2247 1592 2254 q

367 2265 429 2330 dus
457 2264 501 2330 ab
527 2287 613 2353 aqua
639 2286 706 2330 non
732 2265 925 2346 sustinetur,
954 2263 1013 2327 sed
1036 2284 1108 2328 eum
1130 2271 1294 2349 portatur,
1322 2270 1379 2327 aut
1401 2264 1435 2326 iu
1456 2284 1513 2326 na·
1534 2277 1565 2325 15

369 2368 466 2432 vibus
489 2377 547 2432 aut
569 2389 669 2454 supra
689 2365 846 2450 abiegnas
870 2376 956 2431 rates
980 2363 1175 2431 conlocatur.
1563 2354 1569 2366 ’

318 2480 350 2528 15
440 2469 493 2533 Es
519 2477 628 2535 autem
655 2469 806 2533 materies
829 2465 1102 2554 quemadmodum
1124 2467 1169 2530 sit
1189 2466 1324 2531 inventa
1346 2477 1396 2533 est
1418 2489 1515 2531 causa

367 2574 583 2657 cognoscere.¹
630 2563 728 2634 divus
752 2568 874 2634 Caesar
906 2590 979 2633 cum
1014 2569 1193 2651 exercitum
1226 2567 1395 2634 habuisset
1428 2571 1515 2634 eirca

367 2673 469 2759 Alpes
496 2656 798 2759 imperavissetque
817 2671 1005 2756 municipiis
1034 2679 1199 2757 praestare
1228 2680 1424 2736 commeatus
1451 2673 1512 2736 ibi-

367 2796 429 2861 que
444 2781 532 2838 esset
547 2772 716 2839 castellum
731 2774 893 2837 munitum
912 2770 1000 2857 quod
1021 2772 1201 2837 vocabatur
1221 2773 1413 2857 Larignum,
1438 2783 1514 2839 tune
1532 2789 1565 2836 20

367 2878 423 2964 qui
454 2877 490 2940 in
523 2897 561 2942 eo
589 2875 720 2942 fuerunt
748 2871 890 2941 naturali
916 2874 1096 2939 munitione
1124 2872 1238 2938 confisi
1258 2872 1432 2941 noluerunt
1453 2877 1512 2940 im-

366 2980 456 3072 perio
471 2999 596 3065 parere.
640 2980 750 3065 itaque
771 2978 947 3065 imperator
970 2977 1081 3063 copias
1103 2976 1198 3039 iussit
1220 2974 1399 3041 admoveri.
1445 2988 1513 3043 erat

366 3088 477 3144 autem
498 3088 575 3143 ante
598 3081 667 3146 eius
690 3078 817 3146 castelli
838 3088 965 3167 portam
987 3077 1088 3142 turris
1112 3099 1154 3142 ex
1175 3076 1236 3139 hac
1257 3079 1394 3141 materia
1414 3079 1511 3143 alter-

366 3182 419 3245 nis
435 3180 584 3246 trabibus
606 3182 803 3247 transversis
825 3182 875 3246 uti
897 3202 980 3269 pyra
1002 3181 1087 3244 inter
1108 3201 1143 3242 se
1166 3178 1344 3265 composita
1365 3178 1441 3262 alte,
1463 3182 1513 3245 uti

367 3291 501 3368 possent
516 3281 557 3345 de
579 3305 705 3349 summo
726 3282 862 3349 sudibus
886 3292 918 3347 et
939 3281 1105 3368 lapidibus
1128 3279 1320 3345 accedentes
1342 3281 1510 3369 repellere.
1529 3300 1562 3347 aa

367 3393 446 3448 tunc
460 3406 539 3449 vero
561 3406 635 3448 cum
656 3384 920 3449 animadversum
942 3395 991 3448 est
1013 3382 1079 3448 alia
1101 3405 1155 3448 eos
1177 3382 1244 3447 tela
1264 3393 1393 3470 praeter
1414 3384 1511 3448 sudes

366 3508 433 3553 non
447 3484 568 3550 habere
582 3508 688 3572 neque
702 3508 799 3574 posse
814 3484 942 3570 longius
963 3507 983 3549 a
1006 3507 1097 3549 muro
1119 3494 1251 3572 propter
1273 3485 1400 3571 pondus
1424 3487 1510 3550 iacu-

365 3585 446 3668 lari,
479 3588 675 3673 imperatum
702 3598 753 3652 est
779 3586 951 3653 fasciculos
981 3609 1023 3652 ex
1051 3588 1159 3672 virgis
1184 3585 1334 3672 alligatos
1363 3596 1396 3653 et
1422 3588 1510 3653 faces

363 3687 518 3752 ardentes
539 3689 583 3752 ad
605 3711 675 3754 eam
698 3689 907 3754 munitionem
930 3687 1122 3754 accedentes
1144 3691 1284 3754 mittere.
1327 3692 1437 3780 itaque
1460 3716 1509 3757 ce-

312 3807 345 3855 16
364 3788 477 3854 leriter
498 3789 619 3855 milites
641 3799 884 3877 congesserunt.
928 3799 1139 3878 posteaquam
1160 3792 1290 3857 flamma
1312 3794 1399 3859 cirea
1420 3793 1509 3859 illam
1528 3811 1560 3857 30

365 3980 436 4044 (post
454 3978 600 4031 lacunaria
623 3981 679 4032 Joe.
704 3997 738 4031 ex
757 3981 811 4043 ea).
843 3976 856 4048 [l
883 3983 966 4034 2eae
984 3981 1027 4030 H:
1050 3980 1085 4045 hs
1105 3980 1126 4029 G
1150 3978 1195 4043 (lo,
1214 3974 1258 4024 hae
1276 3976 1323 4040 L).
1341 3972 1353 4042 ΙΙ
1378 3975 1507 4043 3affrieq

366 4065 397 4115 G.
424 4060 437 4129 ΙΙ
464 4064 574 4129 4ᾳιιαο
659 4071 727 4116 nota
749 4067 791 4118 ed.
821 4063 869 4131 (ef.
892 4083 915 4115 v.
939 4065 996 4131 12):
1029 4064 1074 4130 qui
1169 4064 1250 4111 notus
1278 4061 1337 4113 GH.
1362 4058 1375 4126 {l
1398 4061 1434 4111 is:
1464 4061 1518 4133 his

285 4194 288 4198 .
365 4148 426 4199 GH.
455 4144 468 4214 {l
495 4148 659 4200 5hsdriani
681 4152 711 4200 H
732 4147 838 4214 (Le⁶lt):
871 4150 980 4200 adriani
1010 4150 1031 4200 (ι’
1058 4147 1112 4211 (le).
1140 4141 1152 4211 ΙΙ
1180 4146 1195 4193 6
1219 4146 1254 4195 eb
1283 4145 1342 4195 suci
1369 4146 1440 4209 (ὂψ
1471 4147 1506 4197 ab

364 4247 431 4282 suco
451 4233 503 4282 GH
515 4230 594 4297 (Llc).
617 4230 630 4300 ss
652 4234 730 4284 tenia
747 4240 806 4283 ante
819 4249 887 4283 corr.
903 4232 1020 4297 G(tinia
1038 4247 1129 4283 errore
1144 4230 1178 4281 (1'0
1193 4246 1243 4294 pro
1262 4229 1359 4293 tinea).
1382 4226 1395 4297 ll
1417 4232 1507 4296 sipsa

364 4316 450 4367 ritas:
480 4317 541 4382 ipse
565 4318 624 4369 GH.
652 4315 664 4385 {l
692 4321 724 4368 16
743 4318 877 4384 abiegnas
906 4320 957 4369 GH
983 4318 1031 4382 (L,
1051 4319 1177 4385 abiegnis
1196 4320 1238 4376 ca,
1258 4318 1368 4383 abignis
1386 4322 1402 4379 l,
1420 4322 1468 4370 aed
1484 4322 1506 4369 l⁶

365 4400 520 4467 abiegnos).
544 4398 557 4469 11
585 4403 767 4467 conloquatur
784 4411 843 4454 ante
861 4419 930 4455 corr.
952 4404 981 4454 (ι’.
1006 4400 1017 4469 ΙΙ
1041 4406 1074 4454 20
1091 4404 1244 4455 vocabatur
1261 4404 1340 4453 Plu't:
1360 4410 1507 4455 vocaretur

366 4485 424 4537 GH.
448 4482 461 4549 ΙΙ
483 4486 516 4536 23
538 4485 592 4536 hoc
609 4494 669 4537 ante
691 4503 761 4537 corr.
784 4488 814 4538 0.
840 4484 852 4555 ΙΙ
876 4491 908 4538 25
926 4492 1040 4553 possent
1062 4490 1140 4540 Lon:
1164 4485 1339 4561 poss&(·sset
1359 4490 1390 4553 0)
1411 4490 1470 4540 GH.
1492 4489 1503 4556 ll

366 4569 533 4620 accedentes
552 4571 687 4634 ⁶11(ch
707 4572 893 4624 accendentes
911 4578 920 4623 t
938 4580 964 4622 et
980 4578 1040 4621 ante
1058 4588 1126 4622 corr.
1146 4589 1166 4631 e,
1188 4571 1368 4624 ascendentes
1386 4571 1422 4638 a).
1440 4570 1452 4640 ΙΙ
1472 4578 1505 4627 28

364 4652 441 4704 faces
458 4655 488 4703 H
511 4652 623 4715 (Gclcob,
646 4658 740 4706 fasces
766 4658 791 4707 L
814 4664 840 4706 et
861 4664 920 4707 ante
943 4673 1012 4707 corr.
1037 4656 1070 4721 t):
1100 4656 1189 4708 facies
1212 4666 1271 4708 uate
1294 4675 1363 4710 corr.
1384 4659 1413 4710 G.
1436 4656 1450 4727 [Ι
1472 4663 1504 4712 29

366 4736 525 4789 accidentes
543 4746 602 4791 aute
620 4738 692 4805 (ips.)
710 4756 778 4792 corr.
799 4742 828 4791 G.
