3984 5825
440 642 482 702 64
933 658 1090 705 vrrauvrr

440 809 585 873 sollertia
608 808 744 888 defecit,
776 809 834 872 sed
862 820 918 872 aut
947 810 993 873 rei
1021 809 1191 873 familiaris
1219 809 1382 892 exiguitas
1410 816 1468 870 aut
1495 806 1590 869 inbe-

441 909 558 974 cillitas
593 910 743 974 fortunae
776 933 834 975 seu
867 913 902 973 in
931 910 1109 975 ambitione
1136 910 1323 972 certationis
1351 909 1592 972 contrariorum

441 1014 607 1098 superatio
623 1012 753 1076 obstitit
769 1033 878 1076 eorum
895 1011 1060 1095 dignitati.
1097 1033 1157 1074 nec
1171 1020 1279 1074 tamen
1295 1019 1345 1074 est
1359 1009 1592 1073 admirandum
1610 1025 1626 1071 3

441 1115 470 1176 si
490 1123 622 1200 propter
644 1115 830 1198 ignotitiam
851 1115 931 1176 artis
953 1114 1093 1177 virtutes
1116 1111 1340 1194 obscurantur,
1363 1111 1421 1174 sed
1443 1114 1591 1175 maxime

407 1216 697 1309 sindignandum,
726 1238 800 1279 curn
823 1216 921 1278 etiam
944 1235 1041 1301 saepe
1064 1213 1268 1278 eblandiatur
1290 1215 1397 1299 gratia
1419 1214 1589 1278 convivio-

439 1339 511 1378 rum
538 1338 558 1379 a
590 1319 677 1380 veris
706 1317 836 1381 iudiciis
864 1314 980 1379 falsam
1008 1315 1241 1406 probationem.
1287 1337 1364 1399 ergo
1385 1316 1436 1379 uti
1459 1315 1590 1379 Socrati

438 1416 562 1502 placuit
598 1420 628 1481 si
661 1420 708 1482 ita
740 1440 853 1482 sensus
883 1428 915 1481 ct
942 1420 1123 1482 sententiae
1152 1418 1371 1503 scientiaeque
1400 1415 1588 1501 disciplinis

438 1527 554 1581 auctae
580 1522 774 1607 perspicuae
802 1529 835 1583 et
862 1518 1050 1607 perlucidae
1076 1520 1232 1602 fuissent,
1259 1541 1325 1582 non
1352 1519 1459 1603 gratia
1481 1539 1590 1602 neque

438 1619 574 1684 ambitio
597 1620 740 1703 valeret,
770 1620 828 1685 sed
851 1622 879 1684 si
902 1621 957 1706 qui
980 1622 1068 1684 veris
1091 1621 1251 1707 certisque
1272 1619 1439 1683 laboribus
1464 1619 1588 1682 doctri-

389 1732 421 1781 10
438 1743 552 1785 narum
579 1725 805 1809 pervenissent
831 1722 874 1785 ad
902 1723 1074 1785 scientiam
1101 1744 1273 1805 summam,
1302 1722 1348 1784 eis
1376 1720 1463 1786 ultro
1487 1742 1590 1807 opera

439 1823 654 1888 traderentur.
710 1826 863 1911 quoniam
894 1833 1000 1888 autern
1035 1845 1072 1886 ca
1104 1846 1169 1887 non
1197 1831 1273 1887 sunt
1300 1821 1451 1887 inlustria
1479 1843 1589 1911 neque

439 1927 630 2012 apparentia
664 1928 698 1989 in
725 1936 876 2012 aspectu,
910 1936 946 1989 ut
972 1935 1123 2012 putamus
1152 1924 1348 2010 oportuisse,
1376 1934 1409 1988 et
1436 1922 1587 1987 animad-

439 2036 531 2091 verto
554 2028 661 2113 potius
683 2029 832 2091 indoctos
856 2048 952 2111 quam
975 2027 1087 2091 doctos
1109 2028 1216 2111 gratia
1237 2047 1400 2111 superare,
1423 2048 1490 2091 non
1514 2048 1588 2090 esse

439 2128 630 2191 certandum
645 2127 794 2193 iudicans
818 2150 891 2191 cum
912 2128 1053 2192 indoctis
1075 2127 1260 2210 ambitione,
1284 2128 1392 2214 potius
1414 2125 1466 2191 his
1489 2148 1585 2214 prae·

390 2238 421 2285 15
440 2231 542 2313 ceptis
567 2230 663 2292 editis
686 2227 856 2292 ostendam
878 2238 1009 2294 nostrae
1031 2231 1185 2293 scientiae
1207 2230 1372 2293 virtutem.

525 2330 657 2414 Itaque,
685 2332 877 2415 imperator,
906 2330 941 2393 in
969 2333 1074 2417 primo
1096 2331 1264 2397 volumine
1290 2329 1353 2394 tibi
1381 2329 1423 2392 de
1450 2339 1523 2393 arte
1554 2340 1587 2394 et

440 2452 519 2515 quas
546 2429 665 2493 habeat
693 2453 731 2494 ea
758 2432 897 2495 virtutes
926 2432 1110 2519 quibusque
1137 2431 1319 2519 disciplinis
1341 2440 1490 2517 oporteat
1513 2453 1588 2495 esse

387 2548 393 2555 ’
438 2539 568 2594 auctum
583 2531 796 2595 architectum
813 2535 961 2618 exposui,
985 2543 1017 2597 et
1031 2535 1156 2598 subieci
1171 2556 1284 2598 causas
1300 2532 1379 2618 quid
1401 2534 1448 2597 ita
1471 2555 1585 2596 earum

439 2641 586 2718 oporteat
613 2654 686 2695 eum
716 2655 788 2697 esse
810 2636 966 2719 peritum,
995 2637 1201 2721 rationesque
1222 2655 1365 2698 summae
1386 2635 1586 2698 architectu-

388 2744 421 2791 20
438 2755 493 2796 rae
529 2735 703 2821 partitione
735 2734 889 2799 distribui
923 2736 1191 2822 finitionibusque
1222 2736 1405 2800 terminavi.
1460 2734 1586 2798 deinde

439 2834 525 2921 quod
548 2844 617 2899 erat
638 2837 778 2923 primum
800 2845 833 2900 et
853 2840 1089 2920 necessarium,
1118 2838 1160 2901 de
1182 2836 1350 2901 moenibus
1372 2836 1582 2922 quemadmo-

438 2937 520 3000 dum⁴
531 2937 694 3023 eligantur
715 2939 780 3002 loci
803 2938 949 3003 salubres
972 2939 1274 3004 ratiocinationibus
1297 2938 1449 3026 explicui,
1473 2940 1584 3002 venti·

365 3052 367 3054 ’
437 3060 500 3123 que
532 3020 588 3126 qui
620 3043 686 3105 sint
714 3049 746 3103 et
774 3061 791 3101 e
819 3040 938 3127 quibus
974 3040 1095 3125 singuli
1128 3042 1255 3126 spirent
1287 3039 1583 3104 deformationibus

436 3142 623 3223 grammicis
651 3139 797 3221 ostendi,
829 3140 1075 3226 platearumque
1104 3150 1135 3204 et
1165 3143 1311 3204 vicorum
1337 3143 1386 3205 uti
1409 3140 1583 3205 emendate

386 3252 419 3299 25
436 3241 516 3304 fiant
530 3241 777 3304 distributiones
793 3241 827 3302 in
842 3243 1011 3305 moenibus
1035 3242 1131 3306 docui
1153 3251 1185 3305 et
1206 3242 1252 3306 ita
1272 3240 1453 3305 finitionem
1475 3243 1606 3328 primo-

437 3342 595 3427 volumini
618 3342 783 3404 constitui.
828 3342 907 3404 item
921 3343 956 3404 in
970 3346 1112 3409 secundo
1136 3343 1177 3407 de
1198 3344 1334 3406 materia
1355 3365 1435 3427 quas
1458 3343 1581 3408 habeat

436 3444 470 3504 in
499 3439 652 3526 operibus
679 3440 836 3504 utilitates
866 3451 898 3505 et
927 3442 1044 3528 quibus
1072 3443 1250 3508 virtutibus
1281 3464 1298 3506 e
1325 3452 1441 3507 natura
1471 3467 1582 3508 rerum

436 3541 480 3605 sit
513 3551 699 3627 comparata
729 3544 851 3628 peregi.
908 3566 994 3607 nunc
1028 3546 1062 3607 in
1094 3546 1191 3609 tertio
1223 3545 1266 3607 dc
1292 3544 1426 3609 deorum
1459 3546 1582 3611 inmor-

435 3640 550 3704 talium
577 3641 714 3705 aedibus
737 3645 837 3707 sacris
860 3645 967 3711 dicam
991 3655 1023 3709 et
1044 3648 1094 3710 uti
1115 3655 1263 3731 oporteat
1284 3647 1485 3733 perscriptas
1509 3669 1583 3712 esse

385 3754 418 3803 30
435 3765 564 3830 ponam.
990 3764 993 3768 ·
1416 3772 1418 3777 ·

506 4023 519 4069 l
540 4019 617 4069 aurei
639 4026 699 4070 unte
722 4036 790 4071 corr.
816 4018 838 4069 θ
862 4019 928 4082 (aut
945 4021 985 4071 rei
1003 4020 1085 4085 1360).
1109 4018 1121 4087 ΙΙ
1144 4024 1159 4071 2
1179 4022 1347 4071 certationes
1366 4021 1398 4073 Ε.
1426 4016 1441 4088 [l
1463 4005 1479 4072 3
1498 4038 1583 4089 supe-

435 4107 508 4155 ratio
526 4106 594 4155 Joc.:
614 4104 738 4168 superati
756 4104 840 4153 EGH.
864 4100 876 4167 ΙΙ
898 4107 915 4153 4
933 4106 1091 4155 innotitiam
1109 4105 1141 4153 Ε.
1163 4101 1175 4170 ΙΙ
1196 4104 1400 4155 tieblandiatur
1418 4122 1479 4175 epo:
1499 4107 1582 4157 blan-

436 4190 547 4238 diantur
565 4196 624 4237 ante
642 4203 711 4251 corr.
727 4188 756 4246 Ε,
771 4187 896 4237 -diatur
906 4188 976 4248 EGc,
996 4184 1138 4239 blandiat*l
1158 4190 1187 4237 H
1199 4186 1231 4253 (c,
1246 4193 1324 4238 —tur
1336 4192 1351 4249 l,
1364 4190 1508 4241 blanditur
1520 4202 1583 4242 ante

436 4289 505 4325 corr.
523 4272 569 4335 L).
592 4267 605 4337 ΙΙ
627 4273 643 4320 6
662 4271 762 4321 salsam
779 4287 838 4336 epo:
863 4271 999 4322 adfalsam
1011 4272 1097 4324 ΕΘΗ.
1124 4267 1138 4336 ΙΙ
1164 4270 1363 4337 9doctrilnam
1380 4282 1440 4326 ante
1458 4291 1530 4331 corr.
1551 4278 1581 4327 G.

344 4359 348 4364 ”
436 4355 578 4422 (-narum
595 4355 677 4418 EG0).
701 4351 713 4421 ΙΙ
736 4356 767 4405 21
786 4354 966 4407 demoenibus
984 4356 1063 4404 EGH
1079 4354 1126 4418 (tc,
1149 4354 1327 4407 doemonibus
1345 4360 1410 4422 ΕΙ).
1435 4355 1447 4424 ll
1471 4361 1505 4409 22
1524 4360 1582 4410 loci

438 4438 484 4505 (L)
503 4443 557 4491 ed:
577 4439 646 4489 locis
665 4439 743 4489 ΕΘΗ
761 4437 815 4502 (tc).
837 4434 850 4504 ΙΙ
873 4443 905 4490 23
924 4440 1030 4505 spirent
1047 4441 1100 4488 ed.:
1121 4439 1227 4501 spirant
1244 4440 1330 4493 EGH.
1353 4437 1426 4505 1124
1448 4446 1582 4508 grammi-

437 4527 478 4572 cis
495 4525 563 4576 ἆσαι
583 4524 771 4588 grammaticis
788 4523 874 4573 EGH.
897 4519 909 4588 [Ι
932 4524 965 4572 26
982 4520 1114 4572 volumini
1132 4522 1221 4575 Selia:
1240 4523 1378 4574 volumine
1397 4526 1485 4576 EGH.
1510 4522 1524 4593 ΙΙ
1547 4530 1582 4577 28

437 4607 475 4664 sit
492 4607 581 4656 Selia:
602 4612 644 4656 est
660 4607 747 4659 EGH.
770 4603 782 4672 ΙΙ
805 4606 960 4657 mortalium
979 4622 993 4655 c
1010 4613 1036 4655 et
1051 4612 1110 4654 ante
1122 4621 1190 4654 corr.
1208 4606 1224 4654 lt
1243 4603 1282 4669 (at
1298 4623 1379 4672 supra
1388 4625 1416 4673 p.
1430 4612 1472 4667 ⁶2,
1493 4608 1549 4675 12).
1567 4609 1579 4675 il

437 4689 470 4737 29
489 4705 550 4740 esse
568 4705 669 4755 ponam
686 4706 745 4754 eqo:
766 4705 900 4753 exponam
919 4689 997 4738 EGH
1016 4685 1087 4751 (esse
1106 4690 1166 4738 add.
1184 4692 1225 4741 ed.
1243 4688 1304 4755 ΕΛ).
