3984 5825
684 676 731 722 uu
753 675 1021 724 sucurrucrunn
1044 675 1113 723 um.
1137 677 1174 722 11.
1461 661 1501 727 57
1578 348 1763 728 Χ

358 831 478 896 tionem
492 831 616 894 umoris
631 838 663 895 et
677 831 764 914 ignis
788 839 820 893 et
841 829 982 912 terreni,
1005 830 1090 893 aeris
1113 828 1302 916 plurimum,
1326 851 1384 917 per
1405 829 1502 895 huius

357 934 509 997 raritates
544 952 672 996 umores
709 931 839 1018 penitus
875 931 1062 1017 recipiendo
1100 930 1247 995 celeriter
1287 941 1502 997 marcescunt.

358 1033 498 1122 populus
526 1031 601 1097 alba
628 1043 660 1098 et
689 1034 799 1119 nigra,
830 1033 910 1097 item
937 1031 1023 1097 salix
1045 1031 1116 1097 tilia
1140 1034 1232 1098 vitex
1253 1032 1340 1116 ignis
1364 1041 1395 1096 et
1417 1033 1501 1096 aeris

357 1135 509 1201 habendo
524 1135 721 1219 satietatem,
744 1135 866 1200 umoris
889 1144 1082 1221 temperate,
1105 1157 1219 1221 parum
1241 1145 1349 1199 autem
1370 1136 1501 1217 terreni,

357 1237 483 1302 leviore
497 1246 716 1323 temperatura
738 1244 941 1323 comparatae
964 1237 1129 1321 egregiam
1151 1235 1271 1300 habere
1293 1237 1447 1300 videntur
1468 1238 1503 1300 in
1521 1250 1537 1298 5

357 1363 421 1404 usu
441 1337 654 1424 rigiditatem.
698 1359 775 1422 ergo
798 1359 871 1401 cum
892 1360 957 1402 non
980 1338 1046 1401 sint
1069 1336 1168 1400 durae
1190 1338 1312 1401 terreni
1333 1338 1502 1420 mixtione,

360 1450 493 1528 propter
517 1426 687 1504 raritatem
714 1449 790 1504 sunt
812 1438 971 1503 candidae
993 1439 1082 1503 etin
1104 1438 1279 1526 sculpturis
1303 1439 1504 1504 commodam

308 1564 341 1612 10
359 1551 527 1630 praestant
548 1539 823 1607 tractabilitatem.
867 1540 960 1605 ulnus
982 1549 1101 1623 autem,
1125 1563 1207 1627 quae
1229 1542 1377 1627 proximu
1398 1540 1502 1604 flumi-

358 1667 437 1709 num
451 1644 532 1730 ripis
548 1651 735 1730 proereatur
749 1652 781 1707 et
796 1643 930 1707 minime
952 1643 1104 1708 materies
1126 1641 1216 1708 utilis
1241 1642 1381 1725 videtur,
1405 1641 1504 1706 habet

359 1748 395 1810 in
410 1767 446 1810 se
468 1745 618 1831 egregias
639 1744 793 1809 rationes.
838 1753 887 1810 est
910 1745 997 1808 enim
1019 1765 1094 1807 aere
1116 1753 1148 1808 et
1169 1745 1240 1828 igni
1262 1742 1401 1830 plurimo
1423 1753 1554 1808 tem-10

359 1857 488 1936 perata,
517 1868 583 1912 non
604 1843 742 1909 multum
764 1855 906 1930 terreno,
935 1866 1047 1909 umore
1069 1844 1174 1931 paulo.
1224 1846 1334 1931 itaque
1356 1846 1391 1908 in
1413 1844 1502 1932 palu-

360 1949 484 2014 stribus
500 1947 579 2014 locis
594 1947 680 2012 infra
694 1946 906 2012 fundamenta
920 1947 1142 2012 aedificiorum
1158 1946 1376 2033 palationibus
1392 1946 1504 2011 crebre
1607 1988 1615 1995 ψ

359 2051 443 2132 fixa,
470 2051 632 2137 recipiens
659 2050 695 2113 in
722 2071 757 2113 se
784 2050 1000 2136 quodminus
1023 2049 1122 2113 habet
1143 2049 1177 2112 in
1200 2039 1333 2135 corpore
1356 2047 1503 2134 liquoris,

359 2161 531 2239 permanet
565 2149 748 2216 inmortalis
784 2151 827 2215 ad
862 2153 1089 2217 aeternitatem
1124 2159 1156 2215 et
1189 2151 1328 2216 sustinet
1360 2151 1504 2214 inmania

359 2252 505 2341 pondera
540 2261 722 2318 structurae
754 2262 786 2319 et
819 2253 890 2317 sine
918 2254 1008 2319 vitiis
1037 2261 1217 2317 conservat.
1267 2253 1314 2316 ita
1336 2273 1418 2338 quae
1439 2267 1555 2316 non15

359 2365 468 2443 potest
502 2346 595 2420 extra
626 2364 747 2419 terram
780 2354 913 2441 paulum
945 2364 1073 2442 tempus
1102 2354 1239 2435 durare,
1272 2375 1310 2416 ea
1336 2354 1372 2416 in
1393 2376 1504 2418 umore

312 2472 340 2519 ιι
360 2457 478 2523 obruta
509 2465 677 2544 permanet
708 2455 751 2520 ad
784 2457 1043 2521 diuturnitatem.
1098 2466 1147 2520 est
1173 2464 1283 2519 autem
1304 2457 1446 2521 maxime
1469 2455 1505 2520 id

360 2558 567 2624 considerare
594 2558 788 2641 Ravennae,
817 2558 904 2644 quod
934 2559 982 2622 ibi
1010 2559 1119 2622 omnia
1146 2579 1243 2644 opera
1266 2566 1298 2621 et
1319 2555 1451 2643 publica
1473 2565 1505 2620 et
1550 2582 1553 2588 ·

359 2661 492 2747 privata
516 2658 578 2725 sub
606 2659 827 2724 fundamentis
856 2660 923 2724 eius
950 2661 1080 2745 generis
1109 2659 1231 2724 habent
1252 2657 1355 2746 palos.
1398 2658 1504 2723 ulmus

360 2784 440 2826 vero
461 2771 494 2826 et
515 2759 664 2827 fraxinus
687 2763 845 2829 maximos
866 2762 988 2827 habent
1016 2783 1143 2826 umores
1166 2761 1398 2847 minimumque
1419 2762 1504 2825 aeris
1522 2777 1555 2826 20

361 2873 394 2930 et
421 2863 508 2949 ignis
520 2911 530 2947 ‚
563 2864 684 2929 terreni
714 2871 891 2951 temperate
917 2863 1076 2928 mixtione
1104 2871 1317 2948 comparatae.
1373 2863 1503 2927 suntin

360 3069 479 3120 quercus
496 3054 578 3120 fagus
598 3054 649 3105 GH
666 3052 730 3119 (cum
748 3057 840 3119 olonae,
859 3055 894 3116 cf.
911 3054 979 3104 Ptin.
1000 3056 1042 3133 16,Ι
1058 3054 1100 3102 17.
1119 3065 1210 3101 cerrus
1228 3051 1322 3101 famus
1341 3049 1423 3115 fagus
1438 3052 1502 3101 Lor.

360 3156 397 3189 eat
414 3142 431 3193 l.
453 3138 521 3203 Vll,
540 3143 564 3197 1,
581 3138 619 3203 2).
644 3134 656 3205 Η
679 3141 694 3187 1
712 3154 762 3203 per
778 3138 859 3190 huius
878 3154 924 3203 epo
944 3134 1020 3201 (suas
1038 3134 1135 3201 Mar.):
1159 3136 1240 3200 pulsa
1264 3135 1315 3186 GH
1333 3133 1440 3201 (pervia
1459 3151 1503 3185 ra-

359 3225 446 3274 ritate
463 3221 539 3286 Joe.).
562 3218 574 3288 Η
597 3224 613 3273 2
631 3222 758 3273 humores
775 3224 844 3275 doe:
864 3223 942 3288 uthu·
957 3222 1080 3286 H)moris
1100 3222 1158 3272 GH.
1179 3218 1191 3288 Η
1214 3223 1229 3271 3
1247 3221 1324 3270 vitex
1338 3220 1389 3271 GH
1407 3219 1449 3283 (L,
1462 3221 1503 3271 vi-

359 3348 404 3393 tes
423 3340 466 3407 lc).
490 3338 503 3409 Η
525 3343 709 3407 Ηοωροηιε
727 3349 787 3391 ante
805 3357 875 3392 corr.
896 3341 918 3391 G
936 3312 1009 3408 (—t‹⁸3
1029 3341 1072 3403 00,
1091 3342 1185 3391 deinde
1202 3341 1267 3391 idem
1285 3354 1374 3390 rursus
1393 3356 1410 3390 a
1427 3355 1503 3390 eraso

359 3435 386 3479 et
400 3433 496 3491 puncto
514 3429 541 3476 lu
557 3426 653 3476 hamum
664 3433 758 3478 mutato
776 3415 868 3491 -te⁸):
887 3430 1043 3490 temperata
1060 3426 1090 3474 H
1108 3424 1188 3490 (hle).
1211 3421 1223 3491 Η
1247 3423 1349 3474 terreni
1367 3424 1503 3475 habentes

361 3512 481 3575 (habens
497 3518 558 3563 aute
575 3525 644 3561 corr.
664 3509 695 3575 G)
721 3511 785 3573 GH,
804 3510 846 3561 ubi
863 3511 945 3561 delevi
961 3510 1107 3562 habentes.
1128 3508 1140 3577 Η
1160 3512 1175 3561 5
1195 3516 1372 3575 comparatae
1390 3512 1430 3561 ed.
1451 3511 1502 3560 Fu:

363 3600 526 3661 comparata
543 3596 573 3646 H
590 3592 716 3661 (lede),
739 3599 894 3661 temperata
912 3601 971 3644 ante
994 3610 1063 3673 corr:
1085 3596 1114 3646 G.
1138 3592 1150 3662 Η
1170 3595 1297 3646 videntur
1322 3594 1368 3645 G0:
1393 3595 1504 3645 videtur

362 3678 464 3745 (-&ur
481 3678 522 3746 H)
542 3680 600 3732 GH.
622 3674 634 3747 Η
655 3682 671 3729 6
690 3679 775 3731 durae
795 3678 883 3744 (ed.)..
894 3719 901 3733 .
914 3717 921 3730 .
935 3678 1071 3730 candidae
1090 3678 1143 3743 (ed.
1162 3680 1227 3745 Ft.):
1247 3679 1371 3734 dura...
1386 3680 1504 3731 candida

363 3766 415 3817 GH
434 3764 517 3829 (-du
533 3772 593 3816 ante
610 3766 660 3831 ipa.
679 3780 747 3816 corr.
764 3764 804 3829 G).
827 3761 839 3831 Η
863 3766 877 3815 7
896 3763 1045 3828 selupturIs
1065 3764 1094 3814 G.
1118 3760 1132 3831 Η
1153 3766 1168 3815 9
1187 3766 1298 3815 minime
1318 3762 1425 3827 (—mae
1445 3772 1504 3815 ante

360 3865 415 3904 raa.
434 3849 463 3899 H
481 3856 507 3899 et
523 3848 558 3913 h)
576 3848 708 3899 materies
727 3849 754 3898 H
772 3848 857 3913 (Lle):
884 3849 995 3899 minime
1019 3848 1187 3899 admateriee
1206 3849 1235 3900 G.
1259 3846 1271 3914 Η
1300 3851 1329 3898 11
1353 3850 1448 3913 itaquo
1475 3849 1504 3897 in

361 3934 531 4000 palustribus
549 3932 627 3985 Sela.
645 3931 748 3999 (Lor.):
766 3934 866 3997 Itaque
886 3931 941 3996 (lta
960 3933 1026 3996 quia
1038 3933 1074 3998 L)
1093 3949 1147 3983 non
1166 3934 1256 3985 minus
1274 3933 1379 3983 habent
1395 3934 1425 3981 in
1444 3948 1504 3982 cor-

361 4068 426 4118 pore
444 4016 547 4103 dmoris
564 4055 594 4102 in
611 4052 782 4118 plaustribus
805 4049 986 4118 (palustribus
1005 4051 1040 4118 L)
1059 4053 1089 4102 H
1107 4050 1190 4117 (Lle),
1213 4053 1313 4114 Itaque
1336 4050 1390 4100 riori
1415 4051 1503 4101 minus

361 4137 469 4205 habent
487 4137 516 4187 in
534 4152 648 4203 corpore
666 4138 769 4188 umoris
786 4137 987 4202 inpalustribus
1008 4138 1029 4188 G
1047 4134 1100 4201 (ubi
1118 4152 1172 4186 non
1190 4143 1216 4187 et
1233 4151 1251 4184 n
1269 4137 1336 4185 delet
1356 4133 1411 4197 Gc).
1435 4131 1447 4199 Η
1472 4137 1503 4184 12

361 4222 460 4272 erebra
477 4224 510 4279 te,
539 4218 550 4287 Η
579 4223 610 4272 13
629 4222 775 4287 incorpora
799 4224 819 4281 l,
842 4222 997 4287 incorporia
1016 4222 1055 4273 cle.
1082 4218 1093 4287 Η
1123 4223 1155 4271 14
1172 4222 1335 4287 permanent
1357 4226 1415 4269 ante
1434 4234 1501 4269 corr.

363 4307 392 4357 G.
416 4302 428 4372 Η
452 4306 484 4356 15
501 4306 575 4371 Itaq;
595 4304 633 4371 (ῳ
649 4305 680 4369 G)
696 4307 746 4357 GH
759 4304 838 4369 (corr.
850 4307 927 4371 dou).
951 4303 962 4372 Η
987 4309 1017 4357 17
1031 4308 1148 4357 maxime
1160 4306 1230 4356 doc:
1250 4303 1369 4354 maximin
1382 4304 1410 4353 H
1423 4302 1503 4366 (Llc),

361 4389 508 4439 maximum
528 4389 558 4439 G.
581 4385 594 4456 Η
617 4393 648 4441 19
666 4390 770 4442 habent
782 4393 839 4442 ed:
857 4391 980 4442 habeant
999 4390 1149 4456 (hebetant
1161 4389 1199 4452 II)
1221 4388 1278 4438 GH.
1301 4383 1313 4452 Η
1337 4390 1370 4437 20
1387 4387 1504 4438 florinus

362 4480 421 4524 unte
439 4490 509 4528 corr.
530 4475 551 4525 G
569 4473 702 4537 (frasinus
719 4475 748 4539 l).
770 4471 782 4541 Η
804 4477 906 4527 umoris
923 4476 954 4525 II
970 4482 995 4524 et
1013 4482 1071 4524 ante
1084 4489 1152 4525 corr.
1167 4473 1188 4522 G
1201 4470 1290 4536 l—res
1310 4468 1414 4537 leaele).
1436 4468 1448 4537 Η
1471 4474 1502 4521 21

364 4564 516 4626 temperate
535 4559 608 4626 (-to
628 4558 672 4625 G0)
691 4560 823 4611 mixtione
843 4561 876 4617 G,
899 4562 1052 4624 temperata
1067 4553 1071 4622 Η
1088 4557 1238 4606 emixtione
1257 4557 1286 4606 H
1308 4555 1336 4618 (i.
1354 4570 1378 4609 e.
1400 4561 1502 4622 tempe·

363 4642 489 4710 ratae[=
506 4642 577 4710 -te]
597 4642 654 4711 m),
671 4647 737 4696 unde
754 4647 818 4695 male
829 4644 891 4695 hle:
909 4646 1063 4708 temperata
1081 4641 1236 4693 emixtione.
1257 4638 1269 4707 Η
1293 4642 1426 4706 cuperate
1444 4648 1503 4694 ante
1523 4684 1526 4690 .

365 4743 433 4779 corr.
455 4729 485 4783 G.
544 4759 547 4764 ·
