3984 5825
434 690 476 753 94
897 705 1084 752 --urrauvn
1169 694 1172 700 '

434 857 695 938 excavabuntur,
725 857 773 920 sio
795 865 844 920 est
866 857 970 921 forma
991 857 1141 930 facienda
1164 860 1212 921 uti
1234 880 1332 944 quam
1353 844 1508 943 magnum
1532 870 1577 924 est

433 958 642 1024 intervallum
671 960 786 1039 striae,
815 967 883 1021 tam
910 962 1039 1043 magnis
1068 945 1240 1024 striaturae
1262 960 1397 1044 paribus
1421 959 1575 1025 lateribus

434 1061 629 1147 quadratum
664 1060 885 1142 describatur,
919 1063 961 1147 in·
986 1060 1097 1125 medio
1129 1070 1238 1126 autern
1272 1062 1431 1147 quadrato
1464 1064 1576 1126 circini

433 1175 581 1227 centrum
603 1161 790 1225 conlocetur
810 1171 843 1224 et
864 1172 982 1247 agatur
1005 1161 1091 1225 linea
1112 1161 1370 1247 rotundationis,
1395 1186 1480 1249 quae
1502 1187 1576 1250 qua·

399 1265 593 1329 sdrationis
620 1263 758 1348 angulos
786 1273 916 1348 tangat,
951 1273 984 1327 et
1013 1273 1170 1349 qnantum
1193 1265 1256 1328 erit
1277 1276 1474 1330 curvaturae
1496 1267 1578 1330 inter

432 1366 694 1431 rotundationem
710 1375 742 1429 et
757 1367 949 1450 quadratam
964 1364 1228 1452 descriptionem,
1243 1375 1371 1430 tantum
1386 1366 1430 1430 ad
1444 1367 1577 1431 formam

434 1478 645 1532 excaventur.
688 1469 735 1531 ita
756 1467 868 1531 dorica
889 1466 1040 1531 columna
1062 1470 1112 1531 sui
1133 1469 1263 1553 generis
1286 1470 1460 1532 striaturae
1481 1468 1577 1534 habe-

432 1571 482 1634 bit
504 1569 748 1656 perfectionem.
793 1567 835 1632 de
856 1570 1041 1634 adiectione
1070 1572 1140 1633 eius
1169 1592 1235 1656 qua
1256 1569 1365 1633 media
1385 1571 1577 1656 adaugetur,
1595 1589 1622 1636 10

432 1674 481 1735 uti
503 1673 537 1734 in
559 1673 655 1735 tertio
678 1669 844 1735 volumine
868 1671 908 1734 de
930 1672 1047 1735 ionicis
1071 1682 1121 1736 est
1142 1672 1334 1758 perscripta,
1357 1673 1404 1737 ita
1426 1683 1459 1737 et
1478 1673 1515 1737 in
1529 1672 1578 1737 his

385 1787 415 1833 10
432 1772 658 1837 transferatur.
1008 1763 1010 1767 ¹
1582 1851 1591 1857 ι

519 1874 683 1954 Quoniam
706 1876 849 1950 exterior
870 1875 994 1961 species
1014 1875 1280 1960 symmetriarum
1295 1884 1328 1939 et
1348 1875 1580 1941 corinthiorum

433 1987 465 2040 et
487 1976 671 2042 doricorum
695 1987 728 2041 et
755 1978 936 2047 ionicorum
958 1985 1009 2041 est
1030 1979 1225 2064 perscripta,
1254 1998 1389 2040 neeesse
1411 1986 1461 2041 est
1484 1979 1580 2041 etiam

383 2092 420 2139 1V
434 2080 604 2144 interiores
621 2077 774 2144 cellarum
790 2080 967 2166 pronaique
988 2077 1236 2143 distributiones
1256 2077 1433 2165 explicare.
1470 2078 1580 2145 distri·
1599 2089 1609 2133 1

433 2182 547 2246 buitur
573 2190 684 2243 autern
711 2179 881 2264 longitudo
911 2180 1003 2244 aedis
1036 2181 1086 2243 uti
1113 2179 1251 2244 latitudo
1288 2182 1331 2245 sit
1364 2179 1596 2264 longitudinis.

386 2297 416 2344 10
435 2282 589 2345 dimidiae
611 2283 726 2367 partis,
749 2284 885 2369 ipsaque
908 2281 989 2345 cella
1010 2290 1103 2368 parte
1125 2290 1239 2366 quarta
1260 2280 1389 2367 longior
1406 2284 1461 2365 sit,
1483 2305 1582 2369 quam

434 2394 484 2446 est
507 2382 657 2465 latitudo,
681 2405 755 2447 cum
776 2385 913 2469 pariete,
936 2384 992 2470 qui
1016 2384 1123 2469 paries
1140 2382 1310 2448 valvarum
1332 2383 1485 2449 habuerit
1507 2407 1580 2450 con·

435 2485 638 2549 locationem.
682 2483 828 2570 reliquae
854 2493 920 2548 tres
948 2495 1058 2571 partes
1086 2486 1202 2571 pronai
1230 2476 1273 2548 ad
1299 2493 1394 2548 antas
1419 2487 1583 2573 parietum

435 2595 642 2672 procurrant,
678 2608 762 2671 quae
794 2596 890 2649 antae
922 2587 1145 2657 columnarum
1178 2585 1429 2651 crassitudinem
1462 2587 1582 2651 habere

435 2688 566 2752 debent.
611 2691 692 2751 etsi
721 2687 818 2751 aedes
841 2689 902 2752 erit
929 2688 1103 2753 latitudine
1136 2689 1239 2752 maior
1266 2710 1363 2774 qnam
1390 2688 1491 2776 pedes
1520 2707 1581 2771 xx,

384 2806 417 2853 ‘20
435 2791 519 2854 duae
541 2789 710 2855 columnae
732 2791 817 2854 inter
838 2789 919 2880 duas
941 2799 1035 2854 antas
1058 2791 1331 2876 interponantur,
1351 2812 1435 2877 quae
1456 2790 1582 2853 disiun-

434 2903 513 2979 gant
535 2902 733 2981 pteromatos
756 2903 788 2957 et
809 2895 924 2980 pronai
946 2893 1097 2980 spatium.
1142 2893 1220 2956 item
1242 2891 1490 2956 intercolumnia
1504 2892 1582 2974 tria,

435 3018 519 3083 qnae
541 3005 636 3059 erunt
664 2996 750 3059 inter
776 3005 869 3059 antas
893 3005 925 3059 01
947 2994 1129 3077 columnas,
1157 2994 1277 3080 pluteis
1298 2988 1486 3060 marmoreis
1510 2996 1583 3057 sive
1636 3054 1643 3067 ,

435 3122 477 3162 ex
500 3098 655 3163 intestino
678 3118 775 3184 opere
797 3098 894 3161 factis
916 3095 1175 3161 intercluduntur
1196 3098 1242 3160 ita
1261 3096 1413 3162 utizfores
1428 3096 1581 3179 habeant,

434 3224 493 3287 per
521 3222 601 3286 quas
630 3200 752 3275 itinera,
775 3221 896 3287 pronao
925 3199 1015 3261 fiant.
1059 3198 1138 3261 item
1167 3200 1194 3262 si
1222 3200 1326 3261 maior
1354 3199 1416 3261 erit
1443 3196 1615 3261 latitudoa

384 3320 417 3367 25
436 3325 532 3388 quam
547 3300 647 3388 pedes
663 3320 726 3385 xn,
750 3299 920 3364 columnae
939 3309 1051 3363 contra
1070 3302 1220 3382 regiones
1242 3299 1475 3382 columnarum,
1499 3321 1582 3384 quae

435 3407 520 3468 inter
541 3412 634 3467 antas
658 3413 748 3485 sunt,
783 3404 942 3467 introrsus
970 3400 1190 3465 conlocentur.
1235 3411 1267 3465 et
1288 3400 1350 3465 hae
1371 3400 1582 3470 altitudinem

436 3506 576 3570 habeant
597 3526 701 3590 aeque
724 3526 821 3590 quam
837 3526 920 3590 quae
940 3514 1017 3568 sunt
1032 3506 1066 3567 in
1082 3502 1198 3585 fronte,
1222 3502 1457 3569 crassitudines
1471 3512 1581 3566 autem

436 3630 547 3671 earum
574 3616 792 3670 extenuentur
819 3607 870 3670 his
899 3604 1080 3669 rationibus
1104 3606 1156 3679 xuti
1184 3605 1212 3667 si
1234 3615 1350 3670 octava
1371 3614 1465 3691 parte
1487 3613 1582 3668 erunt

436 3732 519 3796 quae
547 3718 623 3772 sunt
656 3710 690 3771 in
718 3708 841 3791 fronte,
867 3707 936 3769 bae
963 3705 1043 3770 fiant
1076 3724 1100 3768 x
1128 3716 1236 3792 parte,
1270 3708 1322 3771 sin
1360 3717 1471 3770 autem
1503 3724 1582 3770 viru

506 3883 579 3931 luti
598 3880 686 3934 Sedu:
714 3882 755 3930 ita
776 3882 818 3929 uti
841 3880 899 3930 GH.
926 3876 939 3946 Ι)
966 3878 1129 3943 tuentium
1153 3878 1252 3932 aces:
1283 3883 1395 3929 centum
1419 3879 1450 3927 H
1472 3877 1533 3943 (1011)
1556 3885 1583 3927 et

528 3959 533 3964 ’
1199 3960 1315 4013 scriptione

437 4025 497 4068 ante
517 3998 587 4067 corr.
608 4017 637 4067 G.
661 4012 673 4082 ΙΙ
696 4017 712 4065 6
730 4015 944 4081 descriptionem
961 4016 992 4064 H
1008 4011 1129 4081 (araret
1149 4014 1335 4064 destructione
1354 4015 1376 4065 G
1397 4013 1582 4081 (0110οά11111-

437 4138 489 4170 cem
501 4127 527 4169 et
542 4120 599 4169 Get
613 4120 647 4168 110
656 4120 786 4169 lectionem
798 4119 873 4167 iuxta
882 4120 977 4183 repetit
986 4118 1143 4167 Parietensr'r
1156 4120 1224 4167 7228
1235 4133 1305 4168 saec.
1319 4117 1387 4167 XV:
1401 4116 1582 4176 distractione

438 4201 674 4268 descriptionem).
688 4199 699 4268 ΙΙ
712 4205 727 4252 8
738 4218 792 4266 qua
801 4202 877 4253 Seleu.
887 4219 893 4251 :
904 4217 976 4266 quae
983 4204 1047 4268 (que
1055 4202 1086 4267 G)
1099 4202 1157 4251 GH.
1169 4198 1181 4267 Ι)
1195 4202 1225 4250 16
1235 4201 1364 4252 habuerit
1375 4198 1582 4267 0111110100-

438 4290 475 4337 111
492 4287 523 4336 H
539 4287 599 4353 (1011)
620 4283 828 4352 [1101101111Γ1ΙΙ
851 4289 966 4352 1801110
986 4288 1020 4345 6,
1040 4286 1155 4335 0111οΗ
1170 4284 1236 4349 (6⁶).
1258 4281 1270 4352 Ι)
1293 4288 1325 4336 19
1344 4285 1422 4335 aedis
1439 4285 1479 4335 L:
1498 4284 1583 4335 aedes

440 4372 493 4420 GH
509 4369 586 4436 (edes
604 4371 632 4435 l).
656 4367 668 4439 ΙΙ
693 4374 725 4420 21
744 4367 929 4437 pterolmatos
948 4371 982 4423 G:
1007 4366 1192 4437 pteromoltos
1213 4369 1247 4430 H
1266 4368 1465 4452 (pterovmotos
1477 4370 1508 4427 L,
1521 4373 1583 4434 pte·

346 4525 353 4533 ¹
439 4477 557 4522 remotos
576 4471 620 4546 10).
644 4469 656 4538 Ι)
678 4475 711 4521 22
730 4473 803 4522 inter
815 4473 970 4522 interantas
988 4472 1025 4524 H.
1048 4467 1059 4538 ΙΙ
1082 4474 1115 4521 21
1132 4470 1252 4531 latitudo
1265 4471 1334 4523 Joc.:
1354 4462 1474 4521 altitudo
1493 4466 1580 4532 111111)

439 4558 472 4606 25
489 4557 618 4621 regiones
637 4555 728 4606 Low:
748 4555 898 4620 religiones
918 4557 972 4605 GH
985 4558 1007 4620 (l
1023 4563 1049 4605 et
1065 4554 1270 4619 0010001101).
1290 4552 1303 4621 ΙΙ
1324 4556 1394 4606 2911
1412 4558 1492 4620 parte
1510 4552 1538 4615 (i.
1558 4569 1582 4607 e.

440 4673 546 4723 decima
555 4672 648 4738 parte)
665 4691 726 4740 eye:
745 4675 778 4724 X.
791 4679 887 4742 partes
905 4675 964 4724 GH.
980 4670 993 4742 Ι)
1009 4673 1090 4725 VIIII
1108 4644 1325 4737 (VIII⁵I=nona
1336 4672 1380 4738 60)
1399 4683 1449 4725 aut
1459 4654 1582 4725 decima:

438 4758 475 4807 ric
494 4756 553 4805 GH.
