3984 5825
702 673 749 720 ou
770 672 1039 723 sacurrucruns
1062 675 1131 722 urs.
1155 677 1192 723 11.
1474 662 1516 728 55

367 824 502 906 fronde,
532 847 550 888 e
577 835 664 890 terra
685 826 880 914 recipientes
903 849 962 913 pcr
983 827 1111 892 radices
1132 828 1265 893 arbores
1288 831 1323 893 in
1346 853 1381 895 se
1403 853 1516 897 sucum

366 937 602 1016 recuperantur
634 935 680 1013 et·
698 927 915 993 restituuntur
948 931 983 992 iu
1015 931 1184 1017 antiquam
1218 931 1427 997 soliditatem.
1482 943 1516 998 at

367 1052 445 1095 vero
460 1031 546 1094 aeris
568 1028 697 1093 hiberni
718 1031 771 1094 vis
793 1031 978 1117 comprimit
1000 1040 1032 1095 et
1054 1031 1235 1097 consolidat
1258 1054 1312 1097 eas
1335 1054 1393 1121 per
1421 1033 1455 1097 id
1478 1045 1515 1098 ut

319 1204 324 1210 ,
367 1132 639 1220 suprascriptum
656 1141 706 1197 est
725 1140 866 1218 tempus.
896 1153 973 1218 ergo
996 1135 1025 1196 si
1048 1154 1086 1196 ea
1106 1135 1233 1198 ratione
1255 1145 1286 1201 ct
1309 1156 1347 1200 eo
1369 1144 1515 1223 tempore

367 1232 456 1320 quod
478 1242 528 1297 est
550 1255 648 1320 supra
670 1233 828 1320 scripturn
857 1231 1005 1299 caeditur
1027 1236 1195 1316 materies,
1224 1237 1285 1301 erit
1306 1238 1548 1322 tempestivas

332 1355 349 1402 3
368 1334 460 1400 caedi
487 1343 596 1401 autem
628 1335 675 1400 ita
702 1344 830 1422 oportet
858 1335 907 1400 uti
930 1335 1095 1401 incidatur
1116 1335 1243 1402 arboris
1266 1336 1449 1404 crassitudo
1470 1339 1514 1402 ad

366 1435 509 1500 mediam
536 1434 711 1500 medullam
718 1485 727 1518 ,
756 1445 789 1501 et
815 1435 1034 1524 relinquatur,
1063 1439 1111 1502 uti
1139 1459 1198 1524 per
1220 1459 1291 1501 earn
1314 1440 1514 1504 exsiccescat

366 1537 520 1604 stillando
549 1558 656 1602 sucus.
701 1525 747 1601 it'a
775 1539 832 1624 qui
858 1539 944 1603 inest
972 1540 1066 1603 venis
1095 1539 1222 1604 inutilis
1245 1540 1352 1627 liquor
1374 1539 1513 1606 effluens

366 1662 424 1729 per
451 1637 593 1705 torulum
619 1661 686 1704 non
713 1640 856 1726 patietur
877 1640 978 1704 emori
1000 1641 1035 1703 in
1057 1663 1094 1705 eo
1117 1641 1241 1707 saniem
1263 1662 1323 1704 nec
1349 1645 1512 1730 corrumpi

365 1742 521 1807 materiae
553 1739 752 1828 qualitatem.
806 1750 876 1806 tum
902 1750 1012 1805 autem
1040 1763 1114 1806 eum
1141 1743 1229 1808 sicca
1257 1751 1290 1807 et
1316 1744 1386 1807 sine
1415 1743 1510 1809 stillis
1532 1759 1563 1807 10

331 1860 347 1909 4
366 1846 428 1909 erit
442 1842 551 1927 arbor,
574 1841 735 1907 deiciatur
748 1850 781 1906 et
795 1844 843 1907 ita
858 1843 920 1906 erit
942 1845 1065 1929 optima
1087 1845 1122 1907 in
1143 1865 1214 1908 usu.
1259 1842 1320 1908 hoc
1341 1854 1450 1925 autem
1466 1847 1512 1910 ita

365 1967 438 2011 esse
470 1943 546 2009 lieet
578 1943 839 2011 animadvertere
868 1944 965 2008 etiam
994 1943 1036 2008 de
1063 1944 1217 2009 arbustis.
1268 1966 1306 2008 ea
1328 1948 1415 2010 enim
1438 1969 1511 2011 cum

365 2070 423 2113 suo
451 2067 579 2135 quoque
607 2055 752 2133 tempore
773 2044 817 2110 ad
838 2047 945 2131 imum,
961 2046 1126 2133 perforata
1148 2055 1348 2130 castrantur,
1378 2048 1510 2133 profun-

364 2148 448 2214 dunt
475 2170 493 2212 c
515 2145 666 2214 medullis
695 2169 790 2235 quem
812 2147 933 2213 habent
955 2149 989 2212 in
1012 2169 1048 2212 se
1070 2157 1276 2234 superantem
1300 2158 1332 2212 et
1354 2149 1510 2213 vitiosum

364 2272 423 2337 par
454 2249 615 2316 foramina
650 2248 830 2337 liquorem,
862 2257 893 2313 et
926 2251 972 2315 ita
1002 2249 1208 2315 siccescendo
1235 2250 1397 2336 recipiunt
1419 2251 1454 2312 in
1475 2272 1510 2314 se
1530 2267 1561 2315 15

365 2351 625 2416 diuturnitatem.
673 2352 730 2437 qui
757 2359 867 2415 autem
894 2373 960 2416 non
988 2350 1109 2416 habent
1138 2373 1180 2416 ex
1206 2350 1378 2416 arboribus
1402 2353 1510 2416 exitus

364 2475 492 2520 umores
508 2455 594 2518 intra
616 2462 860 2517 concrescentes
882 2461 1074 2539 putrescunt
1096 2460 1128 2518 et
1150 2452 1297 2517 efficiunt
1318 2453 1431 2518 inanes
1454 2476 1510 2518 eas

365 2565 397 2620 et
430 2555 579 2621 vitiosas.
633 2576 710 2640 ergo
743 2557 771 2619 si
798 2563 922 2619 stantes
950 2564 983 2618 et
1010 2556 1108 2619 vivae
1136 2552 1344 2619 siccescendo
1372 2577 1437 2619 non
1459 2577 1509 2619 se-

363 2664 513 2739 nescunt,
536 2657 607 2720 sine
629 2654 730 2721 dubio
746 2677 819 2719 cum
835 2677 891 2718 eae
906 2654 948 2719 ad
969 2658 1139 2719 materiam
1155 2655 1351 2738 deiciuntur,
1375 2678 1448 2720 cum
1471 2678 1509 2719 ea

363 2761 491 2826 ratione
514 2765 643 2823 curatae
665 2757 798 2840 fuerint,
822 2754 941 2820 habere
963 2766 1115 2842 poterunt
1137 2778 1270 2842 magnas
1293 2758 1328 2822 in
1348 2757 1508 2823 aedificiis
1526 2775 1560 2823 to
1600 2765 1613 2787 ·

363 2860 405 2930 ad
427 2867 625 2926 vetustatem
647 2857 818 2925 utilitates.

328 2981 346 3031 1
447 2961 518 3027 Eae
546 2969 655 3029 autem
684 2966 768 3027 inter
799 2982 835 3025 se
867 2958 1091 3045 discrepantes
1122 2969 1153 3024 et
1182 2957 1359 3024 dissimiles
1387 2960 1532 3038 habent,

363 3066 515 3146 virtutes,
537 3065 586 3128 uti
600 3062 700 3127 robur
720 3060 828 3127 ulmus
850 3060 994 3148 populus·
1011 3082 1183 3147 cupressus
1205 3060 1295 3125 abies
1319 3070 1508 3147 ceteraeque

363 3190 447 3255 quae
467 3167 610 3231 maxime
631 3166 666 3229 in
687 3163 845 3228 aediliciis
867 3172 943 3227 sunt
965 3161 1111 3226 idoneae.
1155 3184 1294 3249 namque
1315 3184 1380 3227 non
1401 3171 1508 3249 potest

363 3269 397 3334 id
413 3268 514 3334 robur
535 3266 622 3354 qirod
643 3266 746 3349 abies,
769 3286 829 3328 nce
851 3285 1025 3352 cupressus
1048 3263 1135 3351 quod
1156 3261 1274 3349 ulmus,
1296 3286 1358 3328 nec
1379 3274 1507 3329 ceterae
1525 3282 1559 3330 rs

432 3564 545 3631 le(ex
561 3564 646 3637 laub
670 3572 695 3623 dc
718 3569 756 3636 (et
781 3572 813 3637 G)
834 3572 894 3623 GH.
916 3567 929 3639 ΙΙ
952 3572 1120 3637 recipientes
1138 3587 1188 3638 per
1210 3572 1320 3625 radices
1343 3571 1390 3637 (cf.
1412 3591 1440 3639 p.
1464 3578 1505 3636 56,

363 3651 409 3715 12)
432 3653 546 3707 arbores
569 3658 655 3711 Mea:
683 3657 850 3723 recipientes
876 3656 985 3707 radices
1010 3658 1137 3708 arborum
1161 3658 1219 3708 611,
1243 3654 1256 3727 ss
1280 3659 1507 3725 &reciperantur

362 3743 422 3787 nate
445 3753 514 3793 corr.
536 3743 573 3793 H.
601 3738 613 3810 ΙΙ
640 3743 656 3794 t
675 3742 868 3793 exsiccescant
889 3749 949 3792 ante
972 3758 1040 3793 corr.
1065 3742 1096 3792 G.
1123 3738 1135 3807 ΙΙ
1162 3743 1178 3791 8
1201 3743 1281 3793 venis
1308 3741 1394 3805 (intus
1416 3747 1456 3793 ael
1477 3743 1506 3792 in

363 3822 441 3873 venis
467 3824 563 3893 Mar.):
591 3827 620 3877 in
646 3826 689 3877 bis
717 3826 775 3877 GH.
798 3822 810 3893 ll
833 3826 1041 3891 tnecorrnmpi
1058 3827 1094 3875 H.
1117 3822 1129 3892 11
1154 3826 1185 3877 10
1213 3826 1329 3877 materie
1356 3826 1506 3891 equalitate

365 3906 399 3965 G,
417 3909 549 3961 materiae
573 3911 764 3977 aequilitatem
782 3912 812 3961 H
833 3909 913 3977 (corr.
935 3910 1013 3973 doc).
1041 3906 1053 3976 ΙΙ
1083 3912 1112 3959 11
1132 3910 1212 3960 ardor
1229 3912 1265 3965 H.
1294 3907 1306 3977 Η
1336 3913 1366 3961 12
1385 3911 1505 3960 animum

364 3989 506 4044 advertere
525 3994 577 4045 GH
597 3995 649 4059 (LI,
675 3995 957 4076 animumvadvertsre
972 3996 1015 4058 6⁶,
1034 3975 1253 4047 animadisrtere
1272 3992 1322 4061 eh).
1344 3991 1356 4061 ΙΙ
1381 3996 1412 4045 14
1425 4008 1504 4059 quem

361 4093 434 4145 loa:
461 4110 533 4161 quae
562 4095 625 4164 (quq
649 4098 681 4161 G)
705 4098 763 4150 GH.
793 4094 805 4162 ΙΙ
834 4098 865 4148 15
893 4096 1070 4149 siccercendo
1092 4105 1151 4148 ante
1173 4112 1242 4148 corr.
1265 4096 1287 4146 G
1316 4093 1504 4159 (siccescendo

364 4178 448 4244 G0H).
469 4174 482 4246 11
505 4181 645 4247 recipiunt
665 4182 716 4233 GH
738 4180 792 4245 (cle,
816 4182 950 4248 recipient
972 4184 992 4243 l,
1021 4197 1067 4236 om.
1087 4179 1132 4246 L).
1160 4177 1173 4248 ΙΙ
1203 4183 1232 4232 17
1260 4195 1307 4230 eas
1333 4183 1362 4229 et
1387 4180 1505 4230 vitiosas

362 4279 428 4314 rec:
458 4279 507 4316 eas
533 4264 652 4317 vitiosas
680 4266 738 4318 GH.
761 4262 774 4332 ΙΙ
802 4268 834 4317 19
861 4281 911 4317 eae
944 4263 1071 4328 (eaedem
1092 4263 1161 4331 Joc.)
1190 4264 1224 4316 ad
1251 4266 1408 4314 materiam:
1437 4263 1505 4314 eade

363 4350 478 4400 materia
489 4357 549 4400 ante
560 4366 613 4404 rua.
627 4350 725 4417 (-ria)
740 4351 769 4409 (ι’,
783 4350 881 4401 eadem
894 4352 1038 4402 materiam
1050 4356 1110 4400 ante
1128 4366 1181 4400 ras.
1193 4348 1314 4413 (—ria{)
1334 4349 1363 4397 H
1376 4346 1505 4412 materia

364 4430 469 4498 Gsslale).
484 4430 497 4500 ss
512 4437 545 4485 20
562 4439 709 4500 potuerunt
726 4444 785 4486 ante
802 4451 855 4486 rae.
875 4437 905 4489 (ι’.
928 4433 940 4502 ΙΙ
963 4438 996 4486 22
1016 4451 1065 4486 eae
1083 4437 1153 4487 doe:
1173 4435 1225 4485 hae
1246 4434 1275 4494 6,
1294 4448 1326 4483 ea
1344 4433 1372 4481 H
1391 4430 1470 4497 (hle).
1489 4431 1500 4497 li

363 4520 397 4569 23
415 4523 582 4584 ceteraeque
663 4520 776 4571 idoneae
798 4523 869 4575 doc:
893 4519 954 4586 ce(q
973 4519 1123 4584 G)teraqus
1147 4553 1205 4578 ...,
1219 4517 1320 4567 idonea
1344 4518 1403 4571 GH.
1431 4514 1443 4583 ΙΙ
1470 4520 1503 4569 ab

365 4635 441 4688 abies
461 4638 495 4689 G:
515 4637 590 4689 abeis
607 4639 637 4689 H
659 4640 696 4702 (et
713 4648 771 4690 ante
787 4656 857 4691 corr.
876 4640 900 4689 L
918 4638 960 4689 ubi
980 4640 1032 4690 sie:
1055 4601 1146 4699 abdis,
1164 4637 1212 4688 sed
1229 4640 1251 4688 lc
1270 4635 1368 4702 abies).
1393 4633 1406 4704 Ι]
1429 4640 1503 4688 cete·

364 4736 411 4773 rae
427 4722 498 4775 loe:
517 4721 597 4787 ee(ae
616 4723 710 4787 G)tera
729 4724 787 4775 cH.
