3984 5825
726 685 773 733 ns
796 684 1063 735 assumseram
1086 687 1155 733 ms.
1180 686 1227 733 rx.
1487 669 1548 736 237
1703 706 1710 737 t

1163 789 1176 823 Ο

403 841 483 903 item
512 861 554 902 ex
582 840 631 903 his
665 839 839 923 generibus
867 840 1007 904 viatoria
1042 838 1180 925 pensilia
1212 839 1260 902 uti
1292 839 1406 903 fierent
1441 839 1548 926 plures

404 944 528 1028 scripta
543 939 752 1026 reliquerunt.
790 963 831 1004 ex
853 964 988 1027 quorum
1010 939 1103 1004 libris
1120 941 1148 1004 si
1164 941 1218 1026 qui
1234 938 1316 1004 velit
1331 940 1548 1005 subiectiones

404 1044 554 1106 invenire
569 1043 711 1129 poterit,
741 1042 916 1108 dummodo
940 1044 1022 1106 sciat
1050 1041 1279 1106 analemmatos
1303 1042 1548 1127 descriptiones.

371 1157 386 1204 ‘2
491 1143 574 1207 Item
598 1154 673 1207 sunt
702 1166 744 1206 ex
771 1166 855 1230 aqua
880 1128 1086 1229 'conquisitae
1113 1142 1155 1207 ab
1184 1143 1306 1206 eisdem
1336 1142 1548 1229 scriptoribus

405 1242 646 1328 horologiorum
675 1247 832 1327 rationes,
861 1247 1067 1332 primumque
1094 1267 1113 1307 a
1142 1244 1288 1308 Ctesibio
1311 1244 1584 1328 Alexandrinas

406 1347 462 1437 qui
492 1356 523 1410 et
550 1347 619 1408 vim
648 1347 782 1434 spiritus
818 1345 974 1410 naturalis
1008 1347 1294 1433 pneumaticasque
1325 1369 1377 1410 res
1412 1348 1549 1411 invenit.

406 1440 464 1510 sed
477 1436 535 1511 'uti
558 1447 680 1511 fuerint
703 1470 741 1511 ea
763 1448 938 1534 exquisita,
962 1448 1097 1533 dignum
1119 1457 1168 1511 est
1188 1447 1342 1512 studiosis
1363 1470 1549 1532 agnoscere.

407 1548 572 1612 Ctesibius
602 1551 688 1612 enim
715 1549 821 1614 fuerat
841 1544 1066 1631 Alexandriae
1092 1559 1188 1614 natus
1215 1559 1308 1636 patre
1335 1559 1477 1615 tonsore.
1521 1551 1549 1612 is

407 1652 538 1734 ingenio
562 1662 593 1715 et
615 1650 779 1715 industria
801 1674 919 1736 magna
941 1661 1069 1738 praeter
1091 1650 1233 1737 reliquos
1257 1649 1418 1715 excellens
1442 1650 1549 1714 dictus
1603 1643 1606 1649 ’

407 1760 454 1815 est
476 1741 661 1817 artificiosis
684 1753 782 1818 rebus
805 1776 839 1816 se
862 1753 1035 1817 delectare.
1079 1775 1217 1839 namque
1240 1776 1312 1816 cum
1335 1752 1494 1817 voluisset
1515 1753 1549 1814 in
1569 1767 1600 1814 10
1634 1766 1639 1773 '

407 1853 540 1935 taberna
570 1855 620 1917 sui
648 1855 749 1940 patris
779 1853 945 1941 speculum
975 1856 1021 1918 ita
1049 1853 1191 1941 pendere
1218 1864 1254 1918 ut
1282 1876 1355 1918 cum
1377 1854 1550 1919 duceretur
1633 1870 1643 1879 “

409 1977 581 2041 susumque
603 1955 821 2038 reduceretur,
845 1955 931 2019 linea
945 1955 1050 2020 latens
1067 1956 1193 2043 pondus
1209 1955 1389 2038 reduceret,
1413 1957 1459 2019 ita
1475 1977 1548 2019 con-

379 2053 526 2120 sloeavit
541 2057 822 2123 machinationem.
860 2058 1005 2122 canalem
1028 2057 1171 2143 ligneum
1194 2057 1260 2120 sub
1276 2059 1368 2143 tigno
1391 2057 1465 2121 fixit
1487 2056 1548 2120 ibi-

410 2180 469 2243 que
495 2158 634 2222 trocleas
668 2159 861 2224 conlocavit.
917 2183 975 2246 per
1005 2158 1148 2223 canalem
1182 2159 1300 2223 lineam
1328 2160 1362 2222 in
1394 2157 1548 2243 angulum

409 2258 546 2323 deduxit
567 2260 679 2346 ibique
700 2260 831 2326 tubulos
854 2263 985 2326 struxit.
1029 2263 1062 2325 in
1086 2283 1139 2326 eos
1162 2261 1262 2349 pilam
1284 2260 1470 2347 plumbeam
1492 2281 1549 2346 per
1571 2275 1601 2323 15

409 2360 525 2425 lineam
547 2361 781 2426 demittendam
805 2364 941 2428 curavit.
979 2365 1026 2427 ita
1049 2363 1175 2451 pondus
1199 2384 1271 2434 cum
1295 2361 1496 2428 decurrendo
1515 2362 1549 2424 in

409 2464 575 2547 angustias
598 2463 785 2529 tubulorum
813 2473 975 2551 premeret
1003 2464 1084 2528 caeli
1113 2464 1335 2546 crebritatem,
1364 2463 1548 2528 vehementi

408 2565 545 2627 decursu
567 2587 625 2652 per
646 2565 756 2630 fauces
779 2567 996 2651 frequentiam
1020 2566 1100 2629 caeli
1123 2567 1362 2653 compressione
1378 2564 1549 2630 solidatam

407 2667 583 2730 extrudens
612 2668 646 2730 in
675 2688 784 2730 aerem
811 2677 975 2753 patentem
1004 2667 1179 2732 offensione
1207 2677 1311 2731 tactus
1339 2668 1464 2730 sonitus
1492 2688 1547 2730 ex-

377 2778 568 2855 lpresserat
591 2767 778 2832 claritatem.
817 2791 894 2854 ergo
914 2768 1080 2834 Ctesibius
1103 2791 1175 2832 cum
1197 2768 1484 2832 animadvertisset
1506 2790 1548 2830 ex
1566 2782 1600 2829 20

404 2880 494 2935 tactu
522 2869 603 2934 caeli
632 2879 664 2934 et
697 2870 963 2958 expressionibus
997 2871 1130 2957 spiritus
1159 2891 1321 2957 vocesque
1353 2871 1460 2953 nasci,
1497 2868 1547 2932 his
1642 2926 1646 2932 .

405 2972 575 3059 principiis
597 2994 675 3036 usus
698 2971 906 3059 hydraulicas
934 2973 1100 3037 machinas
1124 2974 1248 3058 primus
1271 2973 1424 3035 instituit.
1469 2972 1548 3034 item

405 3096 562 3160 aquarum
591 3075 819 3163 expressiones
847 3083 1210 3162 automatopoeetasque
1238 3073 1403 3137 machinas
1432 3072 1547 3135 multa-

407 3197 468 3260 que
497 3174 687 3240 deliciarum
714 3198 849 3260 genera,
878 3178 912 3240 in
933 3176 984 3239 his
1008 3178 1105 3240 etiam
1131 3174 1372 3259 horologiorum
1401 3197 1443 3237 ex
1464 3195 1548 3260 aqua

406 3278 664 3363 comparationes
698 3277 865 3364 explicuit.
920 3278 1126 3364 primumque
1159 3278 1327 3341 constituit
1356 3298 1472 3340 cavum
1506 3297 1548 3337 ex
1566 3289 1599 3336 ‘25

475 3534 572 3583 litem
592 3536 646 3587 ed:
666 3535 738 3585 idem
758 3536 816 3586 GH.
840 3532 853 3601 ΙΙ
875 3534 991 3601 pensilia
1011 3534 1061 3585 ΕΗ
1079 3535 1122 3595 (L,
1141 3535 1297 3601 penonsilia
1309 3536 1353 3603 lc).
1378 3530 1390 3605 ΙΙ
1411 3538 1427 3587 2
1445 3537 1470 3586 si
1489 3536 1549 3602 qui:

405 3621 442 3668 sie
466 3619 525 3668 GH.
553 3616 565 3684 ΙΙ
591 3622 607 3667 5
631 3635 648 3668 a
672 3618 794 3671 Ctesibio
821 3622 861 3670 ed.
885 3622 939 3673 Fa:
967 3619 1090 3671 aclesbio
1119 3622 1169 3672 GH
1197 3620 1331 3686 (dolesbio
1354 3623 1390 3680 L',
1419 3622 1549 3672 acbesbio

406 3706 441 3762 le,
471 3702 578 3753 alesbio
605 3711 664 3754 ante
690 3720 759 3753 corr.
787 3704 815 3763 Ιι,
844 3706 968 3755 aclesbio
995 3704 1044 3769 ao).
1073 3701 1085 3771 ΙΙ
1120 3707 1135 3754 6
1163 3711 1191 3757 et
1218 3708 1272 3756 vim
1300 3723 1359 3770 eoo:
1393 3705 1443 3756 &ri
1470 3705 1547 3769 (etia)

408 3788 466 3836 ΕΗ.
491 3784 503 3853 Η
525 3789 770 3852 pneumaticasque
790 3787 867 3851 (edtz
895 3790 960 3839 insu
980 3790 1111 3854 atticasq;
1132 3790 1191 3842 GH.
1214 3786 1226 3856 ll
1250 3793 1264 3841 ‘1
1288 3791 1398 3855 dignum
1417 3790 1548 3840 studiosis

409 3872 461 3919 GH
477 3870 505 3934 (i.
524 3888 547 3924 e.
566 3873 705 3937 dignumst
722 3872 865 3921 studiosis:
885 3877 928 3923 est
944 3874 1007 3922 add.
1020 3874 1077 3924 lor.
1094 3876 1142 3923 sed
1158 3882 1216 3937 post
1235 3874 1386 3935 studiosis).
1410 3869 1422 3938 ll
1445 3876 1460 3922 8
1479 3873 1547 3922 eles-

408 3973 469 4023 bins
488 3974 547 4025 ΕΗ.
571 3970 582 4040 ΙΙ
607 3977 638 4024 10
660 3957 831 4044 sedelectare
857 3974 891 4024 6⁶
914 3973 994 4036 (euius
1016 3977 1149 4039 exemplar
1166 3975 1251 4024 habuit
1268 3957 1459 4042 seddelectare
1482 3980 1508 4021 ut
1531 3978 1546 4032 Ι,

408 4040 577 4108 se'delectare
604 4058 661 4122 L0),
683 4053 695 4125 ll
726 4061 757 4107 12
784 4072 876 4109 susum
905 4059 956 4108 ΕΗ
983 4057 1031 4123 (L,
1058 4060 1106 4109 sed
1132 4073 1237 4107 sursum
1266 4059 1314 4114 Le,
1341 4072 1446 4106 rursum
1469 4056 1510 4119 lc).
1534 4055 1545 4121 ll

407 4142 553 4191 reduceret
582 4143 666 4193 Mar-,2
701 4143 848 4193 deduceret
882 4144 940 4194 ΕΗ.
968 4139 980 4209 ΙΙ
1009 4144 1040 4192 14
1068 4142 1181 4192 lineam:
1212 4142 1304 4206 lignee
1335 4148 1394 4191 ante
1422 4157 1490 4192 corr.
1520 4142 1548 4190 H

408 4226 458 4290 (lc).
483 4225 502 4293 ll
525 4228 555 4275 16
579 4226 776 4276 demittendam
798 4228 830 4275 Η
854 4225 951 4291 (6⁶L):
982 4227 1172 4277 dimittendam
1197 4225 1217 4275 Ε
1240 4224 1294 4288 (lc).
1319 4222 1331 4291 {l
1360 4226 1392 4275 18
1420 4241 1547 4291 conpres-

407 4312 484 4360 sione
515 4312 547 4360 G:
577 4310 784 4376 confreslsione
813 4313 841 4361 H
868 4311 1033 4376 (efressione
1060 4313 1096 4372 L,
1124 4310 1299 4360 confessione
1325 4308 1367 4372 lc).
1397 4306 1410 4376 ll
1444 4312 1475 4359 19
1503 4326 1548 4359 ex·

407 4398 501 4444 truens
519 4398 550 4448 lc.
574 4392 586 4461 ΙΙ
610 4394 760 4447 offensione
778 4401 869 4446 tactus
892 4414 951 4461 eqo:
979 4396 1129 4446 offensione
1151 4397 1228 4444 tactu
1248 4394 1306 4447 GH.
1334 4390 1346 4459 {l
1374 4397 1407 4443 ‘20
1429 4393 1547 4443 clesbies

410 4480 438 4543 G,
457 4479 578 4529 clesbius
597 4480 626 4527 H
644 4476 723 4543 (hle).
746 4477 759 4547 ll
780 4497 811 4530 ex
825 4486 901 4531 tactu
921 4484 974 4531 ed:
994 4484 1121 4529 extracto
1142 4478 1201 4529 ΕΗ.
1220 4473 1231 4544 ll
1253 4480 1284 4527 21
1305 4478 1406 4542 spritus
1426 4478 1455 4527 G.
1471 4473 1484 4543 Η
1500 4492 1547 4528 vo-

409 4578 521 4627 cesque:
540 4565 577 4613 sic
597 4564 659 4613 ΕΗ.
684 4559 695 4629 ΙΙ
718 4567 751 4613 22
773 4566 894 4614 instituit
916 4567 947 4615 H
967 4555 1095 4628 (G0L10):'
1112 4564 1240 4612 instruxit
1264 4562 1285 4612 Ε
1308 4562 1367 4624 (red
1387 4577 1466 4626 supra
1486 4562 1549 4611 601

408 4648 438 4698 el
454 4646 598 4710 instituit).
615 4644 626 4713 ll
642 4650 674 4698 23
693 4653 1005 4715 automatopoeetasque
1022 4649 1113 4698 Tura:
1133 4650 1273 4697 automato
1290 4647 1408 4711 pictasq3
1428 4646 1457 4695 H
1468 4643 1548 4711 (hle),

408 4738 547 4784 automato
565 4734 667 4798 pitasqr
688 4734 716 4787 Ε.
