3984 5825
427 663 491 729 240
917 675 1074 725 vrrnnvn

429 856 470 897 ex
489 832 706 897 terebratione
726 832 760 894 in
776 830 1028 894 terebrationem
1046 830 1166 892 mensis
1187 829 1345 892 vertentis
1357 826 1486 915 perficit
1502 849 1577 890 cur·
1598 840 1627 887 10

429 957 511 998 sum.
562 935 671 1019 itaque
694 932 965 1019 quemadmodum
988 930 1036 996 sol
1058 953 1116 1017 per
1143 929 1287 994 siderum
1316 931 1422 1016 spatia
1451 929 1578 993 vadens

429 1035 545 1099 dilatat
568 1034 795 1119 contrahitque
830 1033 900 1096 dies
929 1043 961 1097 et
987 1034 1099 1114 horas,
1134 1034 1182 1096 sie
1210 1031 1301 1095 bulla
1334 1032 1369 1093 in
1399 1029 1578 1114 horologiis

430 1137 614 1222 ingrediens
642 1158 701 1223 per
728 1144 849 1221 puncta
883 1123 1000 1198 contra⁴
1030 1134 1133 1197 centri
1167 1133 1327 1220 tympani.
1344 1132 1578 1213 versationem,

395 1257 411 1303 o
429 1240 550 1302 cotidie
572 1259 645 1300 cum
669 1236 864 1301 transfertur
885 1234 958 1299 aliis
980 1235 1182 1323 temporibus
1204 1255 1262 1321 per
1284 1232 1400 1298 latiora
1422 1233 1496 1298 aliis
1510 1233 1581 1321 'per

429 1341 619 1424 angustiora
641 1340 763 1425 spatia,
792 1338 965 1401 menstruis
988 1337 1189 1401 finitionibus
1212 1337 1373 1420 imagines
1397 1333 1500 1398 efficit
1523 1335 1579 1397 ho·

429 1464 537 1506 rarum
560 1452 592 1504 et
615 1440 751 1503 dierum.

515 1542 568 1605 De
590 1541 874 1606 administratione
895 1550 1004 1604 autem
1026 1562 1130 1627 aquae
1153 1537 1426 1627 quemadmodum
1447 1560 1482 1603 se
1497 1547 1581 1602 tem-

431 1655 522 1731 peret
544 1643 586 1707 ad
610 1644 784 1723 rationem,
814 1644 861 1706 sic
889 1643 951 1706 erit
978 1641 1175 1705 faciendum.
1220 1650 1294 1727 post
1320 1639 1461 1705 frontem
1482 1639 1581 1705 horo·
1602 1651 1630 1698 11

384 1766 415 1812 ιο
433 1745 512 1829 logii
535 1747 621 1808 intra
649 1743 834 1819 conlocetur
860 1743 1031 1809 castellum
1058 1744 1092 1806 in
1115 1742 1214 1829 idque
1236 1764 1294 1830 per
1315 1741 1460 1807 fistulam
1482 1741 1583 1806 saliat

432 1870 516 1933 aqua
539 1858 571 1911 et
593 1848 627 1910 in
651 1848 714 1911 imo
737 1847 856 1911 habeat
878 1868 1006 1910 cavum.
1050 1844 1092 1909 ad
1115 1845 1149 1909 id
1171 1854 1278 1909 autem
1300 1844 1447 1909 adfixum
1470 1845 1516 1909 sit
1540 1865 1583 1906 ex

431 1971 506 2013 acre
529 1960 718 2037 tympanum
742 1948 866 2012 habens
888 1946 1051 2030 foramen,
1074 1969 1133 2034 per
1156 1945 1242 2033 quod
1265 1967 1308 2010 ex
1330 1944 1464 2011 castello
1486 1947 1523 2022 in
1547 1945 1582 2008 id

431 2073 516 2137 aqua
538 2051 663 2116 influat.
709 2051 744 2113 in
766 2071 803 2114 eo
824 2059 933 2113 autem
955 2050 1063 2113 minus
1087 2060 1278 2136 tympanum
1300 2045 1487 2112 includatur
1512 2069 1582 2112 car-

434 2152 567 2218 dinibus
597 2175 638 2217 ex
666 2162 759 2216 torno
787 2152 930 2216 masculo
953 2162 985 2214 et
1007 2149 1129 2214 femina
1156 2151 1242 2215 inter
1268 2171 1303 2213 se
1331 2151 1505 2232 coartatis,
1535 2149 1583 2213 ita

385 2273 414 2319 rs
434 2256 482 2318 uti
509 2255 615 2316 minus
644 2263 835 2338 tympanum
863 2250 1136 2340 quemadmodum
1165 2251 1371 2338 epistomium
1399 2253 1435 2315 in
1456 2253 1583 2315 maiore

433 2353 683 2439 circumagendo
706 2366 776 2418 arte
798 2352 979 2441 leniterque
1002 2363 1160 2419 versetur.
1206 2355 1337 2418 maioris
1359 2363 1470 2418 autem
1492 2363 1580 2441 tym-
1606 2363 1637 2410 12

433 2457 509 2542 pani
533 2454 659 2519 labrum
675 2456 788 2542 aequis
803 2455 986 2521 intervallis
1008 2471 1142 2520 ccccxv
1165 2465 1285 2543 puncta
1302 2454 1422 2519 habeat
1436 2456 1582 2540 signata,

433 2559 539 2620 minor
560 2579 638 2622 vero
661 2556 827 2622 orbiculus
856 2558 890 2620 in
919 2544 1066 2622 extrema
1094 2558 1304 2622 circinatione
1331 2556 1432 2621 fixam
1458 2557 1584 2622 habeat

434 2655 602 2742 lingulam,
626 2660 718 2732 cuius
742 2680 897 2723 cacumen
920 2660 1042 2744 dirigat
1064 2659 1106 2723 ad
1128 2668 1321 2746 punctorum
1342 2660 1508 2745 regiones,
1533 2661 1582 2722 in·

383 2779 416 2826 ao
434 2781 497 2845 que
519 2782 556 2823 eo
578 2758 734 2848 orbiculo,
747 2770 963 2847 temperatum
986 2763 1029 2826 sit
1051 2758 1212 2842 foramen,
1236 2760 1313 2847 quia
1334 2761 1369 2825 in
1385 2769 1582 2848 tympanum

434 2884 519 2950 aqua
541 2861 649 2927 influit
677 2884 735 2949 per
757 2862 792 2927 id
815 2872 848 2928 et
870 2872 980 2929 servat
1001 2861 1329 2927 administrationem.
1374 2883 1447 2926 cum
1468 2871 1583 2927 autern

433 2966 469 3029 in
490 2966 624 3030 maioris
646 2967 796 3052 tympani
818 2965 909 3030 labro
932 2964 1057 3034 fuerint
1076 2966 1242 3050 signorum
1266 2965 1456 3029 caelestium
1471 2965 1583 3031 defor-

435 3068 604 3151 mationes,
627 3066 662 3130 id
684 3076 792 3131 autem
814 3068 857 3131 sit
879 3068 1053 3148 inmotum,
1076 3067 1111 3130 in
1134 3089 1258 3132 summo
1280 3065 1398 3131 habeat
1421 3065 1583 3132 deforma-

434 3179 504 3233 tum
520 3169 629 3232 cancri
651 3169 792 3253 signum,
816 3168 859 3232 ad
880 3166 1150 3255 perpendiculum
1170 3169 1289 3232 eiusin
1304 3168 1370 3234 imo
1385 3169 1582 3256 capricorni,

384 3288 418 3335 25
435 3271 477 3333 ad
500 3270 649 3335 dextram
677 3272 856 3358 spectantis
884 3269 1004 3353 librae,
1031 3269 1074 3333 ad
1103 3272 1268 3335 sinistram
1296 3270 1408 3334 arietis
1437 3272 1582 3355 signum,

437 3380 608 3456 ceteraque
629 3373 715 3435 inter
737 3394 848 3437 eorum
871 3373 977 3459 spatia
999 3370 1169 3456 designata
1192 3372 1268 3456 sint,
1290 3372 1339 3436 uti
1360 3372 1395 3435 in
1418 3372 1509 3437 caelo
1532 3374 1582 3436 vi-

437 3471 565 3535 dentur.
600 3473 702 3556 igitur
725 3496 799 3538 cum
821 3472 869 3538 sol
891 3473 1047 3539 fueritin
1070 3474 1270 3560 capricorno,
1293 3471 1433 3550 orbiculi
1454 3471 1584 3558 lingula
1604 3483 1634 3530 13

507 3712 519 3761 l
540 3727 656 3764 cursum.
680 3712 776 3777 itaque
799 3729 859 3777 epo:
883 3729 991 3768 cursum
1010 3730 1096 3767 suum.
1119 3714 1215 3778 itaque
1239 3714 1297 3765 GH.
1320 3708 1332 3781 Η
1356 3715 1372 3763 6
1392 3713 1529 3779 imagines
1546 3714 1581 3765 G:

439 3797 514 3847 -nis
536 3796 567 3846 H
583 3794 662 3862 (Llc).
689 3794 701 3864 Η
722 3798 738 3846 8
758 3797 1027 3860 leadministrationc
1051 3800 1073 3851 θ
1096 3800 1148 3862 (abi
1168 3801 1278 3850 litteram
1300 3798 1325 3848 D
1350 3799 1376 3848 tn
1398 3799 1470 3850 initio
1493 3814 1582 3849 versas

435 3884 544 3947 pinpcre
563 3882 653 3933 oblitas
670 3888 708 3932 est
725 3882 890 3947 rubricator),
909 3883 943 3935 de
963 3885 1202 3936 administratione
1219 3885 1249 3934 H
1260 3883 1342 3946 (-ue
1360 3878 1428 3947 Ltc).
1447 3878 1464 3949 Η
1488 3884 1520 3934 10
1538 3898 1582 3933 aa·

437 3964 492 4016 liat
515 3980 588 4030 aqna
613 3966 635 4016 G
658 3963 718 4032 (L):
747 3966 850 4018 saliata
868 3983 940 4033 quae
959 3968 989 4017 H
1010 3966 1107 4032 (saliat
1131 3973 1201 4034 aquq
1223 3968 1268 4033 lc).
1293 3963 1305 4034 ll
1331 3968 1362 4017 12
1385 3965 1492 4018 habens
1514 3965 1581 4016 tello

439 4050 477 4115 inl
487 4051 513 4100 id
533 4052 554 4099 G
572 4050 630 4116 (red
646 4068 711 4117 quae
723 4054 814 4103 omissa
825 4060 883 4103 rant
894 4059 953 4117 post
965 4050 1071 4102 habeus
1082 4058 1167 4118 rappl.
1188 4053 1223 4102 Ge
1239 4054 1328 4103 foram
1348 4066 1366 4116 p
1385 4051 1421 4117 qd
1433 4066 1467 4101 ex
1485 4051 1554 4114 cas).
1567 4051 1578 4116 Η

440 4136 471 4183 14
489 4151 521 4184 er
541 4136 596 4185 cd:
621 4134 703 4202 &(ot
721 4135 753 4200 11)
775 4137 833 4187 GH.
856 4132 868 4203 Η
892 4137 995 4187 coartio
1014 4144 1073 4186 onte
1090 4152 1159 4190 corr.
1180 4140 1210 4191 G·
1233 4132 1245 4203 Η
1270 4138 1301 4187 15
1321 4135 1494 4202 epistomium
1511 4136 1581 4187 doc:

438 4218 589 4283 epitonium
609 4220 667 4273 GH.
691 4217 703 4287 Η
727 4221 758 4270 16
776 4221 888 4271 maioris
908 4221 941 4270 G:
961 4235 1040 4270 -res
1058 4222 1089 4269 H
1099 4219 1179 4285 (Llc).
1204 4217 1216 4286 Η
1239 4223 1270 4271 18
1289 4218 1501 4285 circilfixiaanta
1513 4235 1580 4270 corr.

439 4302 608 4367 (—natione)
633 4305 662 4354 G.
686 4300 697 4370 Η
722 4306 753 4354 19
773 4303 908 4369 lingulam
926 4308 947 4358 1:
972 4304 1086 4369 ligulam
1108 4306 1160 4355 GH
1176 4304 1261 4369 (Led).
1285 4302 1297 4373 Η
1321 4308 1354 4357 20
1366 4306 1432 4370 quia
1449 4305 1481 4354 H
1498 4302 1579 4368 (L'c):

438 4401 493 4451 qua
513 4387 542 4436 G.
563 4384 576 4454 Η
596 4389 629 4438 22
647 4387 725 4439 labro
746 4389 779 4439 G:
806 4389 876 4440 libro
894 4390 926 4438 H
941 4390 997 4453 (Li,
1017 4388 1081 4439 libri
1098 4391 1155 4448 erc,
1177 4389 1248 4440 labri
1266 4389 1331 4455 ccli).
1352 4386 1364 4456 Η
1388 4392 1421 4441 23
1438 4390 1579 4451 inmotum,

439 4471 468 4520 in
491 4471 574 4524 Mon:
603 4473 733 4523 inmotum
757 4477 786 4523 et
808 4474 837 4523 in
861 4474 918 4524 GH.
944 4471 955 4540 Η
982 4475 1016 4523 24
1034 4475 1128 4525 cancri
1153 4475 1175 4525 (1
1196 4473 1294 4539 (Lvlciz
1322 4474 1416 4524 caueri
1440 4474 1469 4523 H
1492 4472 1546 4541 (L).
1566 4474 1577 4536 ‚l

439 4552 546 4619 siguum
564 4558 605 4607 ed.
626 4557 713 4623 (rec‚):
733 4556 844 4622 signori
865 4558 923 4610 GII.
939 4554 951 4624 Η
967 4560 1001 4607 21
1013 4560 1165 4623 spectantis
1183 4560 1238 4611 ed:
1259 4563 1335 4609 -tes
1355 4557 1413 4611 GH.
1437 4555 1449 4624 Η
1473 4558 1579 4624 siguum

439 4651 507 4689 rea:
530 4640 603 4704 signi
622 4641 680 4695 611.
703 4639 715 4709 Η
738 4644 770 4693 27
790 4643 963 4708 capricorno,
986 4643 1104 4695 orbiculi
1122 4645 1255 4695 Perroalt:
1279 4644 1434 4709 capricorni
1458 4641 1579 4709 orbiculo

443 4717 501 4769 GH.
525 4720 538 4788 Η
558 4722 645 4787 ligula
664 4725 714 4775 (111
733 4725 770 4793 (nt
787 4744 809 4777 o.
830 4730 867 4786 19,
885 4731 934 4779 red
949 4746 971 4780 o.
990 4732 1049 4793 dp.
1066 4745 1120 4797 req.
1139 4728 1246 4795 lingula
1265 4727 1334 4793 GH).
