3984 5825
657 686 703 732 oa
726 684 994 733 nnonrracroar
1017 686 1087 732 mo.
1104 686 1178 731 vni.
1425 669 1487 733 205

323 829 419 903 sl'nt
437 840 490 925 qni
513 839 601 902 circa
623 860 677 903 eos
701 836 808 902 fontes
830 837 980 903 habitant
1002 838 1167 920 homines,
1197 846 1228 901 et
1251 838 1279 901 si
1302 848 1396 902 erunt
1419 859 1487 900 cor-

312 940 479 1011 POrihus
502 938 706 1022 valentibus,
736 939 899 1004 coloribus
922 940 1053 1021 nitidis,
1084 938 1233 1005 cruribus
1260 963 1326 1004 non
1346 940 1487 1021 vitiosis,

309 1047 416 1105 non
439 1041 536 1130 lippis
560 1039 679 1124 oculis,
709 1051 805 1104 erunt
836 1042 1069 1128 probatissimi.
1118 1042 1196 1104 item
1226 1041 1254 1104 si
1282 1039 1355 1105 fons
1382 1063 1487 1104 novus

303 1126 368 1197 fO
377 1164 453 1208 ssns
476 1143 576 1207 fuerit
599 1152 630 1207 et
652 1143 687 1206 in
703 1165 761 1206 vas
778 1143 985 1208 Corinthium
1001 1144 1072 1206 sive
1094 1141 1228 1206 alterius
1250 1143 1378 1227 generis
1402 1140 1488 1227 quod

304 1246 411 1310 ePit
425 1269 465 1310 ex
479 1267 554 1309 aere
574 1244 660 1309 bono
676 1267 714 1309 ea
729 1268 814 1331 aqua
829 1267 943 1332 sparsa
957 1242 1116 1308 maculam
1132 1266 1196 1307 non
1218 1242 1344 1328 feeerit,
1367 1246 1488 1330 optima
1524 1254 1539 1301 o

303 1348 409 1411 est.
442 1349 586 1432 itemque
602 1348 636 1412 in
657 1369 757 1411 aeneo
781 1349 810 1410 si
833 1368 870 1409 ea
891 1368 977 1432 aqua
999 1345 1222 1410 defervefacta
1244 1355 1277 1409 ct
1304 1355 1417 1432 postca
1438 1367 1487 1408 rc—

305 1450 457 1527 quaen
485 1458 517 1514 et
546 1447 662 1512 defusa
689 1447 790 1513 fuerit
817 1470 922 1534 neque
950 1449 985 1512 in
1014 1449 1083 1512 eius
1112 1448 1206 1511 aenei
1233 1445 1334 1511 fundo
1366 1446 1489 1510 harena

277 1551 407 1614 taut
428 1549 525 1615 limus
553 1550 756 1633 invenietur,
785 1572 824 1613 ea
849 1571 935 1635 aqna
963 1550 1025 1613 erit
1050 1551 1129 1613 item
1157 1547 1304 1636 probata.
1353 1549 1432 1611 item
1459 1549 1487 1611 si

312 1634 513 1737 legumina
535 1653 570 1715 in
584 1673 642 1715 vas
659 1673 733 1715 cum
754 1673 792 1715 ea
813 1674 898 1738 aqua
913 1651 1060 1715 coniecta
1081 1650 1124 1715 ad
1146 1651 1255 1736 ignem
1278 1650 1384 1736 posita
1405 1648 1487 1712 ocle-

318 1751 425 1817 riter
452 1761 604 1840 percocta
625 1752 764 1836 fuerint,
793 1752 987 1818 indicabunt
1008 1775 1126 1839 aquam
1149 1774 1221 1816 esse
1242 1751 1362 1816 bonam
1384 1759 1416 1814 et
1438 1772 1486 1813 sa·
1508 1764 1539 1810 10

326 1843 483 1919 lubrem.
532 1876 598 1919 non
620 1855 718 1919 etiam
740 1856 849 1919 minus
877 1856 949 1942 ipsa
976 1877 1061 1941 aqua
1089 1875 1171 1940 quae
1199 1855 1261 1917 erit
1282 1853 1318 1915 in
1347 1851 1437 1917 fonte
1460 1853 1487 1915 si

290 1936 297 1958 ³
331 1949 446 2019 fuerit
460 1954 597 2043 limpida
612 1965 645 2021 et
665 1955 849 2042 perlucida,
874 1978 1003 2042 quoque
1019 1955 1204 2042 pervenerit
1217 1964 1275 2018 aut
1297 1953 1488 2041 profluxerit

336 2075 476 2122 muscus
498 2079 563 2122 non
585 2066 738 2122 nascetur
751 2080 857 2145 neque
880 2059 1012 2139 iuncus,
1035 2079 1140 2144 neque
1161 2058 1351 2143 inquinatus
1372 2055 1414 2120 ab
1428 2054 1487 2119 ali-

338 2180 408 2246 quo
424 2160 669 2246 inquinamento
684 2161 713 2225 is
736 2159 826 2224 locus
842 2158 941 2223 fuerit
957 2159 1016 2223 sed
1037 2181 1152 2246 puram
1169 2158 1320 2223 habuerit
1334 2158 1487 2244 speeiem,

342 2259 495 2326 innuitur
516 2260 567 2326 his
590 2262 694 2346 signis
718 2283 789 2325 csse
810 2262 927 2325 tenuis.
943 2270 975 2325 et
997 2261 1031 2324 in
1054 2282 1179 2324 summa
1200 2259 1402 2324 salubritate.
1509 2273 1539 2322 15

285 2364 335 2437 (V)
432 2362 530 2427 Nune
558 2363 599 2426 de
625 2362 893 2450 perductionibus
915 2364 958 2427 ad
986 2362 1204 2427 habitationes
1227 2363 1424 2448 ¹moeniaque
1453 2371 1488 2424 ut
1501 2373 1539 2422 VI

342 2463 417 2528 fieri
448 2473 596 2551 oporteat
623 2463 806 2551 explicabo.
856 2466 946 2529 cuius
969 2466 1053 2530 ratio
1081 2475 1130 2529 est
1157 2465 1261 2550 prima
1288 2462 1487 2551 perlibratio.

342 2564 487 2631 libratur
507 2575 616 2631 autem
639 2566 777 2653 dioptris
799 2576 856 2631 aut
876 2566 970 2632 libris
985 2568 1130 2654 aquariis
1144 2576 1201 2630 aut
1223 2565 1407 2648 chorobate,
1431 2564 1488 2629 sed

344 2667 539 2753 diligentius
562 2666 705 2732 efficitur
726 2691 784 2756 per
806 2668 1020 2750 chorobaten‚
1045 2668 1131 2755 quod
1153 2667 1301 2754 dioptrae
1321 2667 1489 2753 libraeque

344 2767 475 2834 fallunt.
526 2768 718 2834 chorobates
740 2779 849 2834 autem
877 2779 927 2835 est
954 2769 1067 2856 regula
1093 2769 1191 2854 longa
1213 2771 1343 2833 circitor
1369 2769 1490 2856 pedum
1507 2783 1540 2831 20

345 2871 477 2957 viginti.
522 2891 560 2936 ea
581 2870 681 2936 habet
695 2893 834 2937 ancones
853 2873 887 2938 in
902 2871 1064 2960 capitibus
1081 2871 1234 2936 extremis
1249 2869 1379 2957 aequali
1392 2869 1489 2936 modo

346 2972 509 3058 perfectos
538 2973 637 3060 inque
659 2973 791 3060 regulae
813 2976 976 3062 capitibus
999 2974 1042 3038 ad
1067 2996 1211 3040 normam
1235 2982 1488 3057 commentatos,

349 3082 380 3137 et
401 3074 486 3138 inter
507 3073 654 3160 regidam
676 3085 709 3140 et
729 3098 869 3141 ancones
892 3100 911 3139 a
932 3076 1120 3141 cardinibus
1137 3083 1304 3161 compacta
1325 3084 1489 3139 transver-

349 3176 449 3257 saria,
472 3196 556 3262 quae
577 3176 699 3242 habent
720 3177 822 3242 lineas
845 3177 889 3241 ad
910 3176 1178 3266 perpendiculum
1200 3185 1288 3240 recte
1308 3175 1488 3261 descriptas

351 3277 590 3365 pendentiaque
619 3301 662 3343 ex
693 3278 807 3366 regula
839 3280 1073 3367 perpendicula
1104 3281 1139 3344 in
1165 3277 1306 3364 singulis
1340 3277 1488 3366 partibus
1507 3290 1539 3339 to

351 3483 575 3494 ——-—--.-

415 3619 542 3686 alyppis
558 3626 590 3674 lc.
614 3618 627 3688 ΙΙ
649 3623 673 3674 si
691 3631 750 3675 ante
767 3640 840 3676 corn.
857 3640 904 3676 om.
925 3624 946 3674 G
963 3623 1025 3684 (non
1043 3622 1088 3686 E).
1111 3619 1123 3689 ss
1150 3639 1236 3675 novos
1253 3632 1313 3674 ante
1330 3640 1399 3675 corr.
1420 3625 1454 3674 H.
1476 3622 1488 3689 lt

352 3703 473 3757 lfossus
492 3704 587 3757 fuerit:
605 3710 643 3758 etc
661 3708 747 3763 EGH.
770 3704 783 3775 ll
806 3708 892 3773 quodz
911 3709 975 3773 qnia
993 3708 1019 3757 Ε
1037 3706 1096 3772 (sed
1112 3708 1184 3773 quod
1200 3724 1281 3775 cupra
1300 3708 1357 3775 Ec).
1380 3706 1392 3776 ΙΙ
1416 3712 1491 3760 hest

354 3787 377 3850 (c
394 3789 440 3848 Gt:
462 3791 502 3840 sic
519 3790 599 3842 EGH
615 3790 675 3856 (blo
692 3800 718 3843 et
734 3799 794 3843 ante
811 3808 881 3845 cors.
898 3794 926 3854 lr,
944 3795 999 3843 erit
1015 3790 1064 3858 110).
1089 3788 1102 3860 ΙΙ
1129 3795 1144 3843 9
1162 3793 1271 3844 coiecta
1294 3795 1320 3843 H
1344 3790 1404 3857 (L),
1428 3809 1490 3843 con·

353 3872 425 3924 iectu
448 3873 498 3924 EG
520 3871 574 3940 (lc).
597 3871 609 3942 ΙΙ
633 3879 665 3928 10
687 3877 851 3928 indicabunt
872 3894 985 3944 aquam:
1014 3880 1052 3928 sic
1072 3878 1158 3930 EGII.
1179 3875 1191 3944 ΙΙ
1214 3881 1245 3929 12
1263 3878 1489 3943 limpida-pro-

341 3956 462 4012 fluxerit
484 3959 522 4011 ba
544 3963 665 4027 deinceps
686 3965 772 4027 poenit
793 3963 825 4012 H
845 3960 882 4026 (et
899 3963 935 4022 L,
958 3979 1008 4014 non
1030 3962 1073 4027 lc).
1097 3958 1109 4029 11
1138 3961 1281 4027 perlucida
1303 3977 1421 4027 quoque:
1452 3963 1490 4012 sic

354 4041 437 4093 EGH.
460 4040 473 4111 fl
496 4046 671 4110 profluxerit:
690 4048 728 4097 sic
746 4046 832 4098 EGH.
855 4043 867 4113 ll
891 4050 923 4099 13
941 4048 1038 4097 iuncus
1057 4048 1110 4097 ed:
1129 4046 1239 4096 iuncum
1259 4045 1305 4111 (cir
1325 4046 1356 4109 G)
1375 4046 1460 4096 EGH.
1475 4044 1486 4111 ll

355 4128 384 4178 14
396 4127 435 4180 is:
448 4127 492 4178 his
505 4130 534 4179 H
546 4128 616 4194 (unte
628 4128 754 4198 romb).
766 4128 779 4197 ΙΙ
792 4134 822 4182 15
836 4132 960 4182 innuitur
972 4130 1113 4196 (innuetur
1123 4130 1205 4195 Joe.):
1220 4130 1342 4204 inbuitur
1354 4127 1489 4188 (=inuui-

353 4214 393 4260 tur
407 4228 459 4278 pro
477 4212 610 4280 innuitur)
628 4215 660 4264 H
677 4214 761 4280 (Hc),
779 4216 910 4267 imbuitur
928 4217 984 4268 EG.
1008 4212 1020 4282 ΙΙ
1045 4219 1075 4266 17
1095 4216 1172 4265 cuins
1195 4216 1266 4264 ratio
1281 4240 1311 4250 —
1329 4230 1489 4266 succurren-

354 4294 412 4347 dum
432 4294 480 4362 (ad
492 4300 537 4362 fla.
557 4299 626 4364 cap.)
644 4315 691 4350 om.
710 4299 744 4350 E.
768 4295 780 4365 ΙΙ
805 4302 836 4350 18
854 4300 970 4350 diobtris
990 4301 1041 4351 GH
1059 4297 1138 4363 (Llc).
1163 4296 1175 4366 ΙΙ
1199 4301 1230 4349 19
1249 4299 1429 4351 chorobaten:
1451 4302 1489 4352 cio

355 4379 410 4431 GH.
438 4377 450 4449 ΙΙ
478 4382 603 4433 diobtrae
629 4384 680 4434 GH
702 4382 838 4449 (dioptrae
861 4384 930 4448 Llc).
954 4381 966 4451 [Ι
994 4384 1138 4449 libraeque
1160 4381 1314 4449 (libroquae
1337 4385 1378 4442 H,
1399 4384 1488 4435 librae

354 4465 369 4531 l
378 4499 449 4548 quae
468 4485 493 4534 1.
510 4488 607 4537 {merto
619 4502 635 4535 a
647 4501 715 4535 corr.
729 4468 790 4535 l:
801 4484 889 4551 sunll:
909 4485 978 4551 lihrq
987 4486 1044 4550 tiuq
1065 4485 1086 4534 G
1099 4483 1157 4546 (sed
1169 4485 1204 4536 60
1214 4501 1295 4549 cupra
1314 4501 1337 4551 qv
1347 4506 1382 4530 =
1391 4486 1463 4551 qno).
1474 4485 1485 4551 ll

353 4567 381 4616 tl
399 4568 501 4635 viginti
519 4570 548 4619 H
565 4567 648 4633 (Llc):
668 4569 719 4620 XX
739 4571 768 4622 θ.
789 4567 801 4637 ΙΙ
822 4569 935 4635 aequali
953 4569 1033 4619 modo
1050 4569 1081 4618 H
1098 4566 1180 4634 (Llc):
1200 4568 1415 4636 aequalislmodi
1430 4572 1458 4623 G.
1475 4569 1486 4636 ll

353 4652 383 4701 22
401 4657 611 4718 coagmentatus
631 4653 664 4704 G:
687 4658 797 4705 —tatus
821 4656 850 4705 H
867 4652 948 4718 (Llo).
970 4650 982 4720 ΙΙ
1011 4656 1043 4705 23
1067 4653 1224 4705 cordinibus
1247 4661 1307 4705 ante
1329 4671 1398 4705 corr.
1423 4655 1452 4709 G.
1475 4653 1485 4721 Η

353 4742 489 4804 conpacta
509 4738 530 4788 G
547 4737 612 4804 (d⁶):
633 4743 784 4804 conpectet
803 4740 830 4788 H
848 4737 907 4803 (Llc
925 4745 951 4789 et
967 4744 1026 4789 ante
1044 4754 1112 4790 corr.
1130 4738 1168 4804 t).
