3984 5825
430 618 493 680 248
769 631 772 636 ·
921 630 1076 676 vrruuvu

430 788 464 848 in
491 785 654 848 inferioris
684 782 824 847 trocleae
852 783 997 845 foramen
1025 784 1072 846 uti
1100 783 1248 870 aequalia
1276 783 1340 848 duo
1371 785 1477 869 capita
1509 785 1577 847 sint

431 887 518 950 lunis
547 908 620 949 cum
649 888 711 949 erit
739 896 911 966 extensum,
947 884 1059 969 ibique
1087 884 1264 947 secundum
1292 885 1482 949 inferiorem
1511 896 1576 949 tro-

431 987 533 1050 cleam
555 986 709 1050 resticula¹
732 987 930 1050 circumdata
954 995 985 1048 et
1009 994 1159 1048 contenta
1175 996 1330 1072 utra-eque
1353 996 1463 1072 partes
1486 986 1575 1051 funis

430 1091 647 1170 continentur,
670 1099 706 1152 ut
728 1110 832 1173 neque
854 1090 888 1151 in
909 1087 1060 1150 dextram
1075 1109 1181 1173 neque
1204 1090 1236 1150 in
1260 1088 1428 1151 sinistram
1451 1099 1575 1173 partem

318 1222 322 1231 ¹
397 1193 557 1277 apossint
585 1189 725 1276 prodire.
776 1188 895 1252 deinde
924 1190 1032 1275 capita
1059 1187 1146 1252 funis
1174 1188 1360 1254 referuntur
1387 1191 1422 1252 in
1451 1211 1576 1253 summa

429 1290 551 1356 troclea
572 1291 614 1354 ab
638 1292 797 1355 exteriore
824 1301 916 1377 parte
939 1302 971 1354 et
994 1289 1178 1353 deiciuntur
1200 1291 1285 1353 circa
1308 1289 1471 1355 orbiculos
1494 1293 1575 1354 imos

432 1404 463 1456 ct
485 1391 622 1456 redeunt
643 1392 686 1455 ad
708 1393 808 1456 imum
831 1393 1075 1478 coiciunturque
1097 1391 1227 1454 infimae
1254 1392 1396 1456 trocleae
1418 1391 1461 1455 ad
1490 1392 1573 1456 orbi-

432 1493 520 1557 culos
549 1515 591 1556 ex
619 1494 773 1557 interiore
801 1504 893 1579 parte
916 1502 947 1557 et
974 1494 1161 1556 referuntur
1182 1492 1298 1557 dextra
1320 1516 1359 1556 ac
1387 1494 1523 1557 sinistra
1545 1505 1575 1557 et

434 1593 476 1658 ad
506 1604 604 1680 caput
632 1598 719 1659 circa
747 1579 909 1658 orbiculos
938 1617 1080 1658 summos
1108 1594 1259 1658 redeunt.
1309 1597 1439 1659 traiecti
1467 1605 1605 1658 autem?

387 1696 475 1761 mab
499 1697 661 1783 exteriore
683 1706 774 1781 parte
797 1696 946 1758 fenmtur
968 1695 1085 1758 dextra
1107 1717 1144 1759 ac
1168 1697 1300 1759 sinistra
1326 1706 1521 1783 tympanum
1543 1697 1575 1759 in

431 1819 494 1860 axe
517 1796 629 1882 ibique
652 1808 687 1860 ut
709 1796 865 1860 haereant
887 1796 1103 1882 conligantur.
1153 1807 1223 1860 tum
1244 1808 1353 1861 autem
1375 1798 1462 1860 circa
1491 1807 1574 1884 tym-

433 1921 553 1984 panum
575 1897 742 1961 involutus
765 1898 848 1961 alter
871 1899 956 1961 funis
979 1898 1120 1963 refertur
1141 1898 1183 1961 ad
1212 1909 1373 1983 ergntnm,
1402 1911 1435 1963 et
1463 1901 1491 1962 is
1515 1902 1573 1962 cir·

432 2010 598 2063 cumactus
621 1983 814 2087 tympanum
836 2010 869 2064 et
889 2021 985 2062 axem
1105 2022 1139 2063 se
1161 1987 1361 2065 involvendo
1375 2003 1499 2087 pariter
1521 2023 1573 2063 ex-

433 2101 588 2181 tendunt,
617 2114 648 2165 et
676 2105 721 2165 ita
749 2100 866 2165 leniter
887 2100 999 2165 levant
1021 2123 1119 2165 onera
1141 2103 1211 2166 sine
1237 2101 1392 2188 periculo.
1438 2101 1574 2188 quodsi

387 2204 537 2268 tamaius
561 2215 751 2290 tympanum
774 2203 978 2267 conlocatum
999 2214 1056 2266 aut
1077 2205 1112 2266 in
1135 2203 1242 2267 medio
1263 2205 1376 2267 autin
1396 2225 1462 2267 uua
1484 2214 1573 2291 parte

434 2314 581 2368 extrema
608 2306 707 2368 luerit
735 2306 805 2368 sine
833 2314 961 2388 ergata,
990 2302 1153 2368 calcantes
1180 2303 1326 2368 homiues
1355 2304 1572 2391 expeditiores

433 2406 553 2469 habere
574 2418 727 2494 poterunt
749 2408 857 2493 operis
880 2406 1023 2470 effectus.

395 2524 418 2571 v
521 2506 582 2571 Est
608 2518 717 2572 autem
748 2507 838 2571 aliud
864 2529 968 2591 genus
996 2506 1166 2572 machinae
1197 2511 1276 2572 satis
1301 2508 1516 2574 artificiosum
1544 2520 1602 2573 eta

432 2608 474 2672 ad
503 2633 597 2672 usrun
620 2607 795 2673 celeritatis
824 2608 1029 2696 expeditum,
1059 2608 1174 2672 sedin
1196 2631 1233 2673 eo
1255 2610 1333 2672 dare
1356 2632 1489 2696 operam
1511 2634 1573 2675 non

382 2731 416 2776 ro
434 2720 569 2796 possunt
593 2713 658 2774 nisi
679 2713 787 2796 periti.
825 2723 873 2774 cst
897 2713 984 2774 enim
1000 2713 1127 2796 tignum
1141 2709 1229 2796 quod
1244 2713 1382 2796 erigitur
1397 2721 1431 2774 et
1452 2711 1574 2776 disten-

434 2810 525 2873 ditur
547 2812 735 2875 retinaculis
764 2812 1012 2900 quadrifariam.
1047 2811 1108 2876 sub
1131 2811 1318 2875 retinaculis
1341 2811 1491 2877 chelonia
1513 2814 1575 2877 duo

434 2913 588 2996 figuntur,
611 2913 732 2979 troclea
754 2915 889 2978 funibus
903 2937 1001 3001 supra
1016 2914 1165 2979 chelonia
1180 2913 1348 2999 religatur,
1371 2915 1434 2980 sub
1456 2915 1577 2981 troclea

433 3013 548 3098 regula
575 3014 673 3100 longa
700 3017 831 3079 circiter
858 3016 958 3103 pedes
986 3015 1084 3097 duos,
1119 3015 1183 3079 lata
1212 3015 1334 3099 digitos
1361 3039 1438 3099 sex,
1468 3041 1577 3082 crassa

434 3126 587 3200 quattuor
609 3119 812 3203 supponitur.
856 3117 996 3182 trocleae
1018 3127 1127 3182 ternos
1149 3116 1278 3181 ordines
1301 3117 1522 3184 orbiculorum
1544 3121 1577 3183 in

383 3234 416 3279 es
434 3215 608 3280 latitudine
635 3217 793 3282 habentes
821 3218 1040 3283 conlocantur.
1091 3222 1141 3283 ita
1167 3230 1233 3282 tres
1255 3219 1396 3284 ductarii
1425 3220 1522 3285 funes
1544 3223 1578 3284 in

433 3316 584 3381 machina
606 3318 796 3404 religantur.
840 3320 959 3384 deinde
980 3320 1167 3385 referuntur
1179 3320 1345 3385 adimam
1367 3321 1525 3386 trocleam
1547 3333 1579 3387 et

504 3575 517 3620 l
535 3574 676 3622 inferioris
695 3576 717 3622 G
735 3575 793 3637 (lclz
811 3592 890 3627 —res
908 3578 939 3625 H
955 3576 1013 3641 (L).
1030 3574 1043 3642 Η
1057 3582 1075 3627 4
1091 3594 1181 3642 neque
1193 3580 1223 3627 ln
1235 3579 1360 3629 dextram
1371 3596 1420 3633 on.
1435 3581 1487 3630 GH
1504 3580 1576 3644 (add.

434 3655 512 3712 doe).
535 3654 548 3720 ll
571 3658 586 3705 7
609 3657 764 3707 coiciuntur
782 3660 816 3711 G:
843 3661 1017 3711 coniciuntur
1032 3664 1067 3711 ’11
1087 3660 1168 3726 (Hc).
1195 3661 1208 3728 ll
1234 3666 1252 3713 8
1273 3664 1372 3713 dextra
1393 3665 1511 3715 sinistra
1532 3664 1577 3729 (ae

434 3741 496 3792 add.
514 3741 584 3798 Joc„
606 3744 664 3790 ιἰιι
682 3760 703 3791 v.
724 3747 766 3803 10)
785 3743 821 3793 ad
840 3743 881 3807 (et
899 3747 933 3795 ad
951 3747 1010 3811 epol
1035 3747 1093 3797 GH.
1116 3745 1128 3794 ¹2¹
1150 3751 1168 3797 9
1189 3763 1308 3798 summos
1329 3749 1448 3798 redeunt
1468 3751 1578 3801 traiecti

434 3829 527 3873 antem
547 3825 601 3877 GH
616 3824 744 3884 (redeunt
760 3832 810 3878 del.
827 3831 893 3890 loe,
912 3832 1033 3881 traiecta
1048 3848 1100 3883 scr.
1114 3832 1214 3894 Sela).
1225 3829 1238 3897 H
1254 3836 1287 3882 10
1304 3834 1443 3884 exteriore
1461 3835 1492 3883 ΙΙ
1508 3833 1577 3898 (Ll):

435 3911 510 3959 -ori
528 3911 551 3958 G
570 3911 619 3973 {cla
639 3913 707 3961 utet
725 3915 798 3962 etim
817 3932 838 3962 s.
857 3920 873 3963 6
890 3923 916 3964 et
933 3916 1059 3965 interiori
1076 3934 1098 3964 r.
1118 3920 1132 3965 t
1151 3914 1510 3983 etp.219‚1).;lferuntnr
1528 3920 1580 3969 GH

435 3996 605 4045 *referuntur
621 3996 700 4046 locst.
724 3994 736 4061 s}
760 4000 791 4046 12
809 4005 838 4048 et
861 4001 885 4048 is
911 4000 962 4060 {his
980 4000 1068 4061 Herc)
1091 4000 1168 4049 cirer‘r
1190 4004 1291 4049 auctus
1314 4006 1474 4067 tympanum
1496 4004 1577 4064 (-n'u

437 4079 468 4123 G*-
493 4085 520 4128 et
538 4095 618 4129 uem
642 4080 702 4141 (-ἔ
720 4083 752 4131 Gr
775 4098 805 4132 se
823 4084 990 4133 involvendo
1007 4084 1112 4147 pariter
1129 4086 1282 4134 extendunt
1299 4086 1354 4135 GH
1369 4086 1410 4149 (et
1427 4087 1453 4137 is
1466 4091 1579 4138 eircum-

436 4167 516 4211 aetns
539 4170 698 4230 tympanum
720 4170 749 4214 et
771 4181 851 4216 axem
869 4175 975 4221 versat.
1001 4170 1084 4217 tunes
1106 4171 1210 4218 circum
1235 4186 1315 4219 axem
1337 4186 1368 4219 se
1390 4173 1447 4221 inv.
1470 4190 1498 4237 p.
1523 4177 1576 4225 ext.

438 4245 506 4294 Mar.
530 4249 565 4309 cs.
583 4249 663 4312 loe).
687 4248 698 4313 {j
726 4252 757 4299 le
780 4251 877 4301 fuerit:
905 4254 942 4299 εἰς
961 4252 1019 4300 GH.
1048 4248 1061 4316 Ι]
1086 4259 1181 4317 ergate
1199 4257 1230 4303 lc.
1258 4252 1271 4320 fi
1298 4255 1484 4319 expeditiores
1507 4257 1576 4306 huc:

435 4335 545 4378 -tom
560 4331 610 4380 GH
628 4331 684 4396 (b).
707 4332 719 4399 j}
742 4338 774 4385 li
792 4340 922 4399 poterunt
939 4335 1024 4383 ,tram
1047 4339 1149 4399 poterit
1172 4338 1232 4388 GH.
1256 4337 1268 4402 {ff
1290 4342 1324 4388 2⁰
1340 4339 1511 4389 distenditur
1528 4341 1577 4391 GH

438 4411 691 4481 distracturus).
721 4415 726 4481 l
748 4422 780 4467 21
799 4421 849 4468 sub
868 4420 1031 4469 retinaculis
1047 4421 1119 4470 loa:
1140 4422 1200 4470 -lo
1212 4424 1272 4472 GH.
1289 4421 1301 4464 ³¹·
1317 4425 1429 4475 colonia
1441 4426 1494 4474 GH
1510 4424 1576 4488 (lton

438 4495 492 4547 nl.
516 4494 528 4561 l}
549 4500 583 4547 22
601 4499 713 4550 funibus
729 4502 801 4551 loe:
828 4504 903 4553 funis
921 4504 981 4554 GH.
1003 4500 1016 4534 ¹*
1037 4505 1145 4554 troclea
1162 4506 1275 4570 aregula
1293 4508 1349 4556 GH
1364 4508 1392 4568 (a
1410 4510 1463 4557 del.
1480 4507 1542 4568 ed).

436 4579 471 4626 24
488 4587 618 4643 quamor
638 4584 669 4633 11
690 4583 774 4646 (ch
801 4588 919 4638 nnc.
942 4587 955 4653 l}
982 4592 1017 4639 ’35
1037 4589 1196 4639 latiatim:
1221 4593 1261 4638 sie
1283 4592 1344 4640 GH.
1366 4589 1379 4656 11
1407 4594 1450 4640 ita
1472 4599 1527 4641 tres
1547 4590 1575 4638 ΙΙ

440 4659 522 4722 illel:
541 4665 581 4713 iu
594 4666 670 4717 Jlll.
683 4669 712 4717 G.
730 4667 742 4732 ἕξ
758 4673 789 4719 in
805 4672 948 4721 maehina:
966 4676 1005 4723 sic
1022 4674 1077 4723 ⁶11
1093 4673 1120 4736 (ἰ
1132 4690 1156 4723 e.
1174 4676 1204 4723 in
1221 4690 1326 4725 summo
1344 4676 1490 4725 machinae
1500 4675 1574 4738 loa).
