3984 5825
749 663 796 709 ua
818 663 1086 713 sucurrncruus
1109 669 1177 715 nm.
1202 671 1224 716 1.
1245 725 1250 733 ¹
1516 657 1554 718 21

412 816 586 880 habuerint
607 816 650 880 ad
665 818 794 881 moenia
816 820 1088 905 comportationes
1112 823 1294 910 expeditas,
1318 834 1396 888 tunc
1418 826 1557 888 turrium

411 940 643 1003 murorumque
671 917 883 983 fundamenta
909 923 957 985 sic
979 931 1055 986 sunt
1077 922 1226 990 facienda
1255 928 1304 990 uti
1328 926 1505 1008 fodiantur,
1530 929 1558 990 si

412 1030 509 1105 queat
531 1020 684 1101 inveniri,
707 1019 750 1082 ad
773 1020 913 1085 solidum
938 1032 969 1086 et
991 1024 1026 1085 in
1049 1023 1153 1090 solido
1164 1073 1172 1107 ,
1197 1037 1354 1113 quantum
1377 1049 1419 1090 ex
1441 1026 1556 1113 ampli·

411 1120 524 1185 tudine
557 1122 665 1208 operis
698 1144 756 1207 pro
790 1123 914 1186 ratione
948 1123 1116 1208 videatur,
1151 1127 1368 1192 crassitudine
1400 1127 1557 1216 ampliore

412 1246 507 1310 quam
523 1224 684 1309 parietum
700 1225 757 1310 qui
780 1247 879 1310 supra
900 1236 1020 1289 terram
1043 1238 1119 1291 sunt
1141 1227 1261 1310 futuri,
1286 1240 1317 1293 et
1340 1251 1378 1293 ea
1400 1227 1590 1314 impleant

377 1342 392 1387 a
415 1335 468 1388 tur
483 1346 580 1411 quam
596 1324 795 1389 solidissima
811 1335 984 1391 structura.
1029 1328 1108 1392 item
1123 1339 1228 1394 turres
1251 1341 1327 1394 sunt
1349 1329 1556 1417 proiciendae

411 1430 445 1491 in
468 1427 663 1491 exteriorem
685 1436 820 1514 partem,
844 1430 893 1492 uti
916 1450 990 1492 curn
1012 1429 1055 1492 ad
1077 1452 1204 1495 murum
1228 1432 1331 1496 hostis
1355 1434 1479 1519 impetu
1503 1453 1555 1494 ve-

410 1527 450 1592 lit
482 1529 760 1616 adpropinquare,
794 1551 815 1592 a
847 1529 992 1594 turribus
1021 1531 1139 1596 dextra
1172 1555 1210 1596 ac
1238 1534 1370 1597 sinistra
1398 1532 1555 1597 lateribus

411 1633 533 1717 apertis
563 1629 638 1695 telis
667 1629 866 1694 vulneretur.
922 1633 1168 1721 curandumque
1195 1636 1337 1697 maxime
1366 1634 1499 1698 videtur
1519 1644 1556 1696 ut

410 1755 475 1797 non
503 1730 609 1795 facilis
636 1731 746 1796 aditus
770 1733 813 1796 sit
838 1733 881 1797 ad
904 1735 1159 1819 oppugnandum
1182 1758 1320 1818 murum,
1344 1734 1471 1798 sedita
1494 1734 1607 1798 eir-10

412 1831 631 1897 cumdandum
657 1833 701 1897 ad
727 1833 798 1898 loca
826 1835 1018 1922 praecipitia
1041 1846 1073 1901 et
1101 1837 1353 1922 excogitandum
1375 1837 1425 1899 uti
1447 1844 1554 1921 porta-

411 1957 483 1998 rum
510 1935 628 1998 itinera
654 1958 719 2000 non
747 1937 812 1999 sint
839 1935 963 1999 directa
991 1937 1050 2000 sed
1079 1960 1206 2002 scaeva.
1250 1960 1390 2024 namque
1413 1960 1486 2000 cum
1509 1937 1556 1998 ita

410 2038 534 2101 factum
561 2036 676 2120 fuerit,
692 2043 775 2101 'tum
802 2036 955 2101 dextrum
983 2037 1068 2102 latus
1099 2039 1330 2104 accedentibus
1353 2038 1441 2126 quod
1464 2047 1556 2102 scuto

411 2161 475 2203 non
508 2138 570 2202 erit
596 2147 718 2202 tectum
750 2139 936 2224 proximum
970 2141 1032 2203 erit
1064 2164 1167 2206 muro.
1205 2139 1419 2220 conlocanda
1446 2149 1555 2203 autem

411 2239 532 2328 oppida
564 2249 640 2303 sunt
672 2262 736 2304 uon
770 2238 929 2325 quadrata
955 2263 1015 2304 nee
1042 2242 1311 2328 procurrentibus
1338 2241 1467 2327 angulis
1497 2240 1554 2304 sed
1574 2257 1605 2305 15

413 2340 703 2424 circumitionibus,
726 2344 776 2406 uti
790 2340 893 2406 hostis
910 2364 951 2406 ex
973 2343 1122 2430 pluribus
1146 2345 1224 2409 locis
1248 2345 1476 2430 conspiciatur.
1520 2343 1555 2406 in

412 2443 531 2531 quibus
554 2443 640 2507 enim
662 2443 777 2528 anguli
799 2456 1010 2530 procurrunt,
1041 2445 1221 2510 difficiliter
1243 2444 1441 2525 defenditur,
1466 2443 1553 2531 quod

378 2543 550 2630 aangulus
578 2546 684 2629 magis
711 2545 838 2609 hostem
866 2555 976 2610 tuetur
1004 2570 1101 2633 quam
1130 2547 1245 2611 civem.
1302 2544 1553 2610 crassitudinem

411 2656 520 2712 autem
547 2648 631 2718 muri
658 2649 706 2711 ita
732 2647 916 2711 faciendam
938 2670 1055 2713 censeo
1077 2651 1126 2714 uti
1148 2649 1264 2712 armati
1287 2647 1433 2712 homines
1457 2634 1554 2732 supra

412 2749 544 2815 obviam
582 2749 752 2812 venientes
789 2747 873 2812 alius
905 2748 1006 2813 alium
1039 2751 1109 2814 sine
1144 2749 1346 2837 inpeditione
1377 2749 1606 2836 praeterirent

412 2851 549 2939 possint.
604 2859 673 2914 tum
706 2851 741 2914 in
774 2849 991 2914 crassitudine
1025 2861 1202 2938 perpetuae
1230 2849 1334 2916 taleae
1367 2850 1555 2934 oleagineae

411 2953 563 3019 ustilatae
592 2974 689 3038 quam
717 2953 933 3017 creberrimae
961 2954 1180 3035 instruantur,
1210 2954 1259 3016 uti
1286 2963 1442 3038 utraeque
1470 2954 1555 3014 muri

412 3055 535 3119 frontes
556 3055 642 3118 inter
665 3076 715 3137 se,
739 3052 1011 3141 quemadmodum
1033 3052 1158 3137 fibulis,
1183 3054 1233 3117 his
1255 3051 1350 3116 taleis
1374 3051 1556 3136 conligatae

352 3178 354 3181 ·
411 3167 574 3222 aeternam
589 3155 730 3221 habeant
747 3156 942 3219 firmitatem.
986 3177 1126 3242 namque
1142 3158 1172 3219 ei
1193 3155 1348 3218 materiae
1369 3174 1429 3216 nec
1452 3153 1556 3217 caries

411 3280 473 3323 nec
503 3267 714 3348 tempestates
746 3280 807 3321 nec
839 3268 985 3323 vetustas
1008 3267 1116 3344 potest
1137 3270 1270 3339 n‘ocere,
1304 3255 1363 3320 sed
1397 3277 1434 3318 ea
1461 3264 1494 3319 et
1521 3256 1557 3318 in
1574 3269 1607 3317 aa

413 3370 500 3425 terra
521 3359 639 3424 obruta
661 3370 693 3424 et
715 3361 749 3423 in
771 3381 856 3446 aqua
878 3358 1045 3424 conlocata
1067 3368 1234 3447 permanet
1257 3359 1328 3423 sine
1351 3357 1442 3422 vitiis
1464 3355 1555 3420 utilis

413 3462 620 3548 sempiterno.
669 3463 779 3548 itaque
807 3484 871 3526 non
898 3460 1003 3526 solum
1030 3463 1065 3525 in
1092 3483 1184 3525 muro
1212 3459 1270 3524 sed
1298 3461 1395 3524 etiam
1422 3459 1458 3521 in
1480 3456 1555 3523 sub-

414 3562 646 3629 structionibus
676 3564 795 3648 quique
828 3564 969 3649 parietes
996 3562 1114 3627 murali
1142 3561 1358 3626 crassitudine
1387 3567 1480 3623 erunt
1508 3558 1555 3622 fa-

379 3664 524 3729 lciundi
551 3663 612 3726 hac
638 3666 763 3728 ratione
789 3663 920 3749 religati
947 3687 1013 3728 non
1035 3665 1099 3728 cito
1122 3662 1337 3727 vitiabuntur.
1382 3659 1556 3727 intervalla

482 3876 494 3921 1
513 3870 662 3921 habuerint
679 3872 733 3921 ed:
753 3871 823 3919 -rit
843 3871 900 3920 GH.
923 3867 937 3937 Η
959 3875 974 3922 3
993 3873 1077 3935 queat
1089 3872 1130 3920 ed.
1143 3870 1196 3922 Fa:
1217 3873 1321 3935 queant
1335 3870 1393 3919 GH.
1418 3866 1430 3932 Η
1453 3866 1555 3916 4vide·

414 3960 476 4007 atur
494 3957 527 4007 G:
546 3959 663 4004 -antur
675 3955 704 4003 H
716 3953 796 4018 (Ltc).
809 3951 821 4021 Η
834 3954 1004 4005 caecitudine
1022 3962 1081 4005 unte
1094 3971 1162 4005 corr.
1181 3956 1217 4006 ll.
1241 3949 1253 4019 Η
1277 3956 1292 4003 5
1312 3953 1398 4002 futuri
1410 3954 1474 4000 sunt
1491 3950 1524 3998 L.
1549 3949 1552 4013 Η

414 4040 627 4117 9vnlnere1itur
645 4040 692 4089 6⁰:
716 4039 896 4089 vulnerentur
915 4040 974 4091 GH.
997 4036 1009 4106 Η
1034 4042 1141 4090 13tum
1159 4040 1190 4088 H
1207 4036 1294 4102 (Llc):
1321 4037 1382 4086 dum
1403 4035 1431 4083 6.
1448 4029 1461 4098 Η
1479 4047 1555 4082 aece-

414 4124 543 4175 dentibus
567 4121 727 4188 GH0(Llc)=
751 4123 970 4175 ascendendrbus
995 4122 1054 4189 (sic)
1078 4130 1138 4173 ante
1160 4138 1229 4175 corr.
1253 4123 1288 4169 H.
1305 4115 1318 4186 Η
1336 4118 1406 4182 quod
1431 4119 1476 4167 60:
1501 4131 1555 4178 quo

416 4209 475 4260 GH.
494 4205 507 4275 Η
531 4211 562 4259 18
581 4209 667 4259 talcar
684 4210 713 4257 H
726 4206 807 4272 (Llc):
828 4213 940 4258 tueatur
953 4209 982 4259 6.
1006 4205 1019 4275 Η
1043 4211 1073 4259 19
1093 4211 1183 4257 autem
1201 4222 1248 4259 om.
1261 4206 1293 4258 L,
1315 4200 1327 4269 Η
1346 4205 1377 4251 21
1399 4204 1455 4249 tum
1473 4200 1553 4250 Puta:

415 4294 477 4344 dum
498 4295 556 4346 GH.
570 4290 582 4360 Η
592 4294 686 4343 taleae
707 4295 763 4343 Joc.
787 4290 812 4357 (e
830 4310 852 4345 o.
871 4293 931 4355 23):
960 4292 1076 4343 tabulae
1100 4293 1157 4343 GH.
1182 4287 1194 4355 Η
1218 4292 1249 4339 22
1273 4286 1417 4337 ustilatae:
1447 4285 1485 4333 sic
1505 4284 1556 4333 GH

414 4375 493 4442 (hle).
515 4375 527 4443 Η
552 4374 724 4428 naumann
740 4378 790 4426 GH
807 4375 843 4442 (c,
862 4376 986 4427 hrstalers
994 4378 1027 4438 L,
1046 4376 1090 4426 his
1104 4374 1189 4424 taleis
1203 4373 1231 4436 1).
1248 4368 1261 4438 Η
1276 4374 1309 4419 24
1328 4370 1462 4419 maceriae
1482 4368 1523 4418 Gc.
1541 4365 1552 4429 Η

414 4478 466 4513 nec
484 4477 570 4512 canes
589 4460 634 4526 (es.
658 4462 723 4518 VII,
744 4465 769 4520 3,
790 4460 814 4526 1)
836 4463 912 4511 G0H0
930 4459 975 4523 (L,
995 4474 1137 4512 neccanes
1156 4457 1189 4521 d:
1208 4472 1257 4505 nec
1276 4456 1348 4505 aries
1367 4460 1425 4503 ante
1444 4469 1513 4502 corr.
1534 4453 1554 4501 6

419 4548 481 4610 ζοΙι),
504 4547 672 4597 necessarios
695 4553 754 4595 ante
772 4562 840 4597 corr.
862 4548 896 4595 H.
920 4543 932 4611 Η
959 4547 992 4595 25
1015 4547 1192 4608 tempestates
1216 4542 1243 4590 H
1262 4539 1331 4604 (Ll):
1359 4543 1508 4603 tempestas
1533 4538 1554 4587 6

413 4631 476 4695 (cb).
503 4627 515 4696 Η
538 4633 570 4681 26
593 4636 734 4696 permanet
754 4631 775 4680 6
794 4629 853 4694 (L):
877 4634 1038 4695 permanent
1058 4628 1088 4681 H
1109 4623 1164 4689 (lc).
1193 4623 1204 4693 Η
1232 4627 1264 4676 28
1287 4623 1411 4675 faciundi
1436 4623 1486 4673 6Η
1509 4621 1553 4686 (L,

414 4716 511 4767 -endi
530 4714 572 4781 lc).
