3984 5825
516 626 574 688 loa
1003 635 1159 681 1111111111

511 792 663 857 materies
679 797 877 876 temperetur
891 788 939 851 uti
954 808 1026 849 cum
1042 786 1212 871 subigatur
1226 811 1292 851 non
1306 789 1438 852 haereat
1452 789 1496 855 ad
1517 801 1661 872 rutrum,

511 893 570 958 sed
599 915 714 980 purum
745 889 866 953 ferrum
894 911 911 951 e
938 888 1091 951 mortario
1118 886 1284 951 liberetur.
1328 889 1445 973 grandi
1466 890 1603 956 inducto
1629 903 1664 956 et

512 999 732 1074 inarescente,
765 989 902 1055 alterum
936 989 1058 1054 corium
1090 989 1253 1053 mediocre
1284 989 1455 1075 dirigatur.
1511 993 1550 1055 id
1584 1016 1661 1058 eum

511 1098 682 1162 subactum
709 1094 808 1158 fuerit
836 1102 868 1157 et
890 1092 973 1184 bene
995 1089 1162 1174 fricatum,
1197 1089 1348 1162 subtilius
1370 1092 1556 1158 inducatur.
1611 1097 1662 1159 ita

476 1215 584 1264 11111111
607 1197 712 1262 tribus
735 1196 832 1259 coriis
854 1193 994 1257 harenae
1017 1201 1049 1256 et
1070 1192 1148 1255 item
1170 1194 1338 1257 marmoris
1361 1191 1492 1259 solidati
1513 1198 1660 1282 parietes

511 1302 648 1382 suerint,
677 1320 782 1386 neque
809 1298 908 1360 rimas
935 1315 1041 1380 neque
1068 1293 1156 1358 aliud
1179 1295 1295 1358 vitium
1317 1296 1352 1358 in
1373 1317 1409 1358 se
1429 1297 1577 1384 recipere
1600 1323 1660 1389 pp-
1680 1315 1694 1362 1

512 1413 631 1468 terrmt.
687 1399 746 1465 sed
779 1408 811 1462 et
842 1397 1030 1463 baorlorum
1063 1395 1308 1461 subactionibus
1330 1396 1467 1461 fundata
1489 1398 1661 1465 soliditate

512 1503 746 1589 nrannorisque
761 1501 900 1565 candore
922 1499 1015 1562 firmo
1037 1496 1190 1582 levigata,
1214 1496 1377 1563 coloribus
1400 1520 1473 1563 cum
1488 1500 1658 1586 politioni-

511 1608 573 1672 bus
601 1605 745 1669 induetis
772 1602 895 1668 nitidos
924 1601 1106 1687 expriment
1133 1598 1333 1687 splendores.
1382 1599 1505 1667 colores
1533 1612 1659 1686 autem,

462 1708 576 1792 101qu
598 1707 734 1772 tectorio
757 1727 831 1768 cum
853 1703 1028 1788 diligenter
1049 1710 1124 1765 sunt
1143 1699 1281 1784 inducti,
1302 1701 1376 1767 ideo
1397 1724 1463 1768 non
1483 1705 1661 1770 remittunt

511 1812 573 1877 sed
595 1821 672 1875 sunt
693 1818 850 1896 perpetuo
871 1813 1107 1893 permanentes,
1129 1803 1215 1890 quud
1237 1802 1308 1866 calx
1331 1805 1367 1868 in
1387 1804 1574 1873 fornacibus
1600 1830 1659 1870 ex-

511 1924 603 1978 cocto
619 1911 745 1999 liquore
767 1910 854 1973 facta
874 1905 1064 1972 raritatibus
1086 1904 1235 1988 evanida,
1257 1906 1428 1972 ieiunitate
1449 1918 1562 1973 coacta
1585 1931 1658 1974 cor-

509 2017 589 2101 ripit
618 2015 653 2077 in
686 2035 721 2075 se
749 2031 831 2096 quae
857 2031 909 2072 res
937 2007 1021 2071 forte
1049 2007 1270 2091 contigerunt,
1302 2009 1584 2097 mixtionibusque
1615 2034 1659 2078 ex

509 2117 583 2180 aliis
611 2111 829 2201 potestatibus
858 2106 994 2171 conlatis
1019 2107 1197 2171 seminibus
1219 2129 1277 2172 seu
1296 2110 1467 2197 principiis
1488 2135 1555 2176 una
1576 2114 1658 2178 soli-

459 2243 490 2288 15
508 2213 681 2289 descendo,
706 2213 738 2272 in
755 2208 1015 2294 quibuscumque
1030 2207 1185 2273 membris
1202 2218 1252 2272 est
1267 2208 1406 2276 formata
1419 2234 1493 2276 cum
1506 2213 1546 2278 fit
1560 2216 1660 2280 arida

507 2315 669 2396 redigitur
689 2310 738 2371 uti
761 2309 810 2370 sui
833 2308 961 2389 generis
984 2309 1132 2392 proprias
1155 2310 1308 2375 videatur
1327 2312 1445 2377 habere
1467 2314 1658 2402 qualitates.

507 2420 618 2497 itaque
633 2407 768 2472 tectoria
784 2427 867 2490 quae
882 2415 969 2469 recte
992 2418 1068 2471 sunt
1091 2408 1179 2475 faeta
1200 2434 1306 2500 neque
1326 2416 1547 2481 vetustatibus
1569 2419 1658 2486 fiunt
1676 2436 1694 2484 8

506 2511 655 2591 horrida,
690 2527 796 2591 neque
825 2527 898 2568 eum
928 2516 1140 2594 extergentur
1167 2516 1340 2580 remittunt
1367 2515 1505 2603 colores,
1533 2521 1658 2586 nisisi

506 2632 619 2700 parum
651 2605 826 2690 diligenter
853 2616 885 2671 et
913 2609 948 2672 in
969 2609 1060 2674 arido
1083 2612 1205 2679 luerint
1227 2616 1365 2681 inducti.
1408 2625 1583 2706 cnm'ergo
1607 2625 1658 2688 ita

456 2740 489 2787 20
507 2717 540 2777 in
563 2707 742 2794 parietibus
765 2710 901 2772 tectoria
924 2710 1011 2775 lacta
1033 2711 1156 2778 fuerint
1177 2719 1226 2780 uti
1249 2740 1347 2806 supra
1361 2721 1518 2806 scriptum
1533 2731 1597 2807 est,
1623 2734 1658 2789 et

505 2811 692 2874 firmitatem
708 2818 740 2870 et
755 2808 960 2894 splendorem
983 2822 1016 2877 et
1037 2814 1079 2877 ad
1102 2826 1299 2883 vetustatem
1319 2831 1562 2907 permanentem
1585 2827 1677 2918 vir-·

507 2920 608 2975 tutem
636 2917 788 2992 poterunt
815 2910 947 2977 habere.
991 2936 1065 2979 cum
1087 2940 1165 2984 vero
1188 2943 1288 2985 unum
1310 2925 1433 2987 corium
1453 2924 1597 2990 harenae
1622 2938 1657 2993 et

505 3031 604 3076 unum
631 3009 751 3071 minuti
777 3016 946 3078 marmoris
975 3018 1037 3080 erit
1063 3018 1250 3107 inductum,
1281 3027 1421 3089 tenuitas
1448 3026 1518 3090 eius
1539 3030 1654 3095 minus

504 3108 645 3174 valendo
673 3107 814 3173 faciliter
841 3116 1004 3199 rumpitur
1030 3140 1090 3182 nec
1112 3121 1316 3207 splendorem
1339 3126 1553 3212 politionibus
1574 3154 1654 3217 pro·

453 3237 486 3285 ‘25
503 3221 576 3298 pter
598 3207 845 3273 inbecillitatem
869 3218 1096 3284 crassitudinis
1119 3226 1287 3311 proprium
1314 3227 1486 3293 obtinebit.
1536 3252 1689 3318 quem-9

503 3309 679 3375 admodum
709 3312 794 3373 enim
822 3314 989 3399 speculum
1021 3332 1213 3406 argenteum
1240 3330 1331 3393 tenui
1357 3328 1485 3394 lamella
1511 3332 1652 3398 ductum

418 3439 419 3444 ¹
503 3414 642 3474 incertas
666 3419 697 3473 et
725 3412 795 3475 sine
818 3415 944 3481 viribus
974 3418 1074 3486 habet
1100 3427 1308 3493 remissiones
1331 3430 1531 3517 splendoris,
1559 3438 1652 3521 quod

501 3519 611 3575 autem
638 3531 655 3572 e
683 3510 788 3575 solida
815 3524 1033 3604 temperatura
1060 3523 1160 3590 fuerit
1187 3528 1326 3615 factum,
1355 3536 1518 3621 recipiens
1546 3538 1585 3601 in
1614 3562 1651 3603 se

501 3611 603 3676 firmis
626 3612 753 3676 viribus
775 3614 966 3700 politionem
987 3622 1151 3709 fulgentes
1173 3629 1209 3693 in
1222 3643 1355 3719 aspectu
1378 3646 1548 3724 certasque
1569 3662 1649 3706 con-

569 3905 583 3951 1
602 3903 757 3968 subigatur:
784 3911 822 3957 ste
846 3909 904 3958 GH.
927 3906 940 3976 1]
966 3913 1113 3977 agrandi:
1130 3920 1168 3967 aie
1192 3920 1250 3973 GH.
1274 3919 1287 3988 ΙΙ
1309 3926 1325 3973 4
1343 3924 1481 3976 indicatur
1498 3936 1559 3981 aute
1571 3948 1646 3984 corr.

502 3986 532 4035 G.
550 3981 561 4050 ΙΙ
579 3986 766 4038 71111111ο111111
778 3991 820 4043 11⁶:
838 3993 999 4043 liaculorum
1017 3998 1070 4047 GH
1080 3997 1139 4060 (Llc
1150 4010 1176 4051 et
1195 4011 1254 4055 ante
1270 4008 1388 4072 111111).
1409 4007 1421 4075 ΙΙ
1444 4012 1562 4064 fundata
1581 4017 1650 4067 soli·

501 4067 602 4118 ditate:
631 4073 669 4120 sic
694 4073 744 4121 GH
767 4074 805 4139 (ut
822 4093 844 4129 v.
864 4081 881 4127 3
898 4095 926 4142 p,
943 4078 1019 4144 sep).
1042 4079 1054 4148 ΙΙ
1076 4085 1092 4133 8
1115 4085 1235 4136 eandore
1257 4078 1314 4139 dd:
1342 4093 1489 4145 eandorem
1512 4095 1589 4161 (-1ὁ
1613 4102 1646 4164 G)

502 4153 561 4202 GH.
585 4149 597 4217 ss
620 4154 708 4208 firmo:
731 4161 769 4207 sie
788 4159 846 4214 GH.
867 4157 879 4226 ΙΙ
898 4161 1025 4227 levigata
1037 4181 1095 4230 epo:
1115 4168 1256 4234 levigatae
1276 4171 1349 4236 (-—te
1366 4177 1407 4239 H)
1420 4162 1486 4230 GH.
1509 4178 1522 4246 ΙΙ
1545 4184 1647 4233 auiti·

500 4234 549 4283 dus
567 4237 604 4284 H.
633 4236 644 4303 ΙΙ
673 4242 705 4290 10
726 4242 780 4291 udo
801 4246 873 4295 Joa:
899 4246 971 4297 nudo
994 4250 1143 4301 GH.=12
1161 4255 1325 4307 raritatibus
1348 4261 1468 4312 evanida
1489 4272 1550 4315 ante
1573 4283 1645 4320 corr.

501 4318 534 4366 G:
563 4321 725 4374 raritatibus
744 4331 772 4375 et
791 4330 909 4379 evanida
926 4332 956 4380 H
973 4331 1090 4399 (Gthc).
1112 4331 1124 4400 11
1148 4339 1179 4387 13
1197 4339 1269 4389 forte
1289 4339 1378 4406 (porta
1399 4345 1431 4409 G)
1451 4348 1644 4416 contigerunt:

497 4402 535 4449 sie
553 4403 611 4453 GH.
635 4402 647 4471 ΙΙ
672 4410 703 4458 15
720 4408 762 4459 fit:
780 4415 818 4461 ate
837 4413 895 4467 GH.
919 4411 930 4480 Π
954 4418 985 4466 16
1003 4416 1133 4468 videatur
1148 4421 1218 4471 loa:
1241 4424 1351 4476 videtur
1370 4430 1429 4479 GH.
1446 4427 1458 4497 ΙΙ
1482 4434 1514 4482 19
1532 4432 1646 4486 inducti

497 4485 568 4535 doe:
594 4489 708 4540 inducta
728 4494 787 4548 GH.
809 4492 823 4561 1]
844 4497 885 4547 ita
901 4498 971 4551 don:
999 4501 1066 4566 itaq3
1087 4503 1141 4553 GH
1163 4506 1211 4568 (le,
1234 4524 1281 4563 om.
1299 4508 1345 4577 L).
1372 4509 1384 4579 Η
1412 4516 1444 4564 27
1469 4516 1595 4569 incertas
1615 4527 1646 4571 et

501 4568 534 4614 G:
558 4569 742 4625 ineerta.sed
763 4579 794 4626 Ii
815 4577 886 4645 (hic)
911 4580 961 4648 [fl.
989 4580 1002 4649 11
1029 4588 1205 4641 remissiones
1227 4591 1381 4658 splendoris
1406 4599 1440 4647 G:
1469 4601 1644 4655 remissiores

498 4650 658 4713 splendores
677 4659 704 4705 ΙΙ
723 4657 778 4722 (LI,
798 4665 879 4713 remis
897 4665 1057 4730 splendores
1074 4672 1124 4736 eis).
