3984 5825
540 656 603 722 258
1032 671 1189 719 vrruuvn

540 835 650 912 partes
679 834 767 906 octo,
798 845 918 909 cacque
947 823 1052 886 lineae
1081 825 1126 886 ita
1157 822 1366 887 conlocentur
1390 834 1427 887 ut
1453 823 1551 910 plano
1579 829 1690 911 posito

541 930 632 1011 tigno
655 926 825 1010 utriusque
852 926 970 1011 capitis
1000 925 1042 1006 ad
1070 924 1215 988 libellam
1243 924 1349 988 lineae
1378 926 1465 988 inter
1491 948 1526 988 sc
1553 948 1688 1011 respon-

540 1029 638 1092 deant
662 1039 693 1091 ct
717 1049 812 1113 quam
841 1048 958 1108 magna
974 1049 1047 1112 pars
1065 1027 1108 1089 sit
1123 1036 1240 1090 octava
1256 1028 1478 1090 circinationis
1501 1029 1598 1112 tigni,
1622 1038 1690 1090 tam

539 1153 657 1214 magna
680 1130 786 1216 spatia
809 1126 1003 1191 decidantur
1030 1130 1063 1190 in
1086 1125 1334 1211 longitudinem.
1374 1130 1453 1191 item
1475 1130 1568 1213 tigno
1591 1128 1689 1214 plano

505 1247 521 1293 5
540 1231 706 1296 conlocato
734 1229 839 1292 lineae
861 1229 903 1292 ab
926 1231 1033 1314 capite
1055 1229 1097 1290 ad
1119 1228 1258 1292 alterum
1281 1239 1379 1314 caput
1400 1229 1625 1317 perducantur
1646 1229 1688 1292 ad

539 1331 683 1397 libellam
695 1332 936 1396 convenientes.
967 1331 1014 1392 sic
1031 1341 1062 1392 et
1078 1332 1111 1393 in
1126 1331 1355 1395 rotundatione
1378 1343 1411 1396 ct
1426 1334 1459 1395 in
1481 1332 1689 1417 longitndine

539 1435 689 1521 aequalia
712 1434 819 1519 spatia
841 1432 930 1495 fient.
977 1433 1023 1494 ita
1045 1455 1108 1517 quo
1132 1432 1194 1496 loci
1223 1432 1454 1496 describuntur
1475 1432 1584 1496 lineae
1607 1456 1689 1520 quae

540 1547 616 1600 sunt
643 1538 678 1599 in
706 1533 937 1617 longitudino„
963 1543 1125 1597 sectantes
1160 1534 1282 1597 facient
1319 1534 1565 1598 decussationes
1597 1545 1630 1598 et
1656 1536 1688 1597 in

540 1635 823 1702 decussationibus
857 1635 949 1697 finita
976 1646 1105 1720 puncta.
1156 1635 1207 1698 his
1239 1636 1286 1698 ita
1313 1635 1482 1698 emendate
1511 1637 1718 1723 descriptis‘t

492 1742 680 1803 resumitur
713 1736 859 1820 salignea
892 1738 1000 1799 tenuis
1033 1747 1089 1799 aut
1122 1737 1163 1799 dc
1192 1737 1292 1799 vitice
1325 1749 1413 1800 secta
1439 1736 1572 1821 regula,
1608 1760 1688 1824 quae

541 1852 637 1905 uncta
660 1839 785 1926 liquida
808 1839 880 1924 pice
902 1838 1015 1922 ligitur
1038 1839 1071 1900 in
1096 1839 1200 1923 primo
1223 1837 1369 1902 decussis
1396 1848 1530 1924 puncto.
1569 1838 1688 1902 deinde

538 1944 688 2005 traicitur
709 1940 842 2025 oblique
863 1939 905 2000 ad
929 1940 1139 2024 insequentes
1161 1939 1376 2023 longitudinis
1400 1950 1432 2003 et
1450 1942 1687 2005 circumitionis

539 2044 709 2123 decusses,
744 2043 822 2105 item
850 2064 892 2103 ex
920 2040 1035 2103 ordine
1063 2040 1275 2126 progrediens
1298 2041 1428 2126 singula
1450 2053 1573 2128 puncta
1596 2064 1686 2130 prae-

538 2144 696 2209 tereundo
720 2154 752 2207 et
775 2145 896 2205 circum
920 2141 1121 2206 involvendo
1144 2141 1331 2207 conlocatur
1352 2143 1549 2227 insingulis
1574 2144 1686 2208 decus-

492 2261 522 2308 15
541 2244 734 2327 sationibus,
760 2253 792 2307 et
813 2246 860 2306 ita
881 2245 1032 2329 pervenit
1055 2252 1087 2306 ct
1108 2243 1223 2327 figitur
1244 2244 1287 2306 ad
1310 2265 1378 2307 eam
1394 2245 1515 2308 lineam
1530 2245 1687 2309 recedens

538 2349 685 2432 aprime
712 2347 747 2407 in
776 2354 925 2408 octavum
954 2355 1129 2431 punctum,
1158 2347 1192 2408 in
1221 2367 1284 2431 qua
1311 2348 1417 2431 prima
1444 2369 1521 2433 pars
1545 2348 1616 2411 eius
1639 2357 1688 2411 cst

539 2448 615 2510 lixa.
661 2468 698 2509 co
728 2446 824 2509 modo
855 2456 1009 2532 quantum
1040 2446 1248 2532 progreditur
1281 2446 1412 2533 oblique
1440 2450 1541 2534 spatii
1571 2458 1604 2512 et
1630 2471 1688 2536 per

539 2558 611 2613 octo
634 2558 770 2634 punctu,
799 2547 990 2611 tantundem
1015 2557 1047 2610 ct
1069 2550 1104 2610 in
1132 2546 1335 2632 longitudine
1362 2549 1513 2634 procedit
1533 2550 1578 2613 ad
1601 2560 1687 2614 octa·
1716 2634 1721 2640 ι

540 2673 616 2714 vum
639 2660 805 2737 punctum.
851 2649 964 2712 eadem
986 2651 1114 2713 ratione
1129 2672 1187 2737 per
1202 2672 1297 2714 omne
1313 2651 1455 2736 spatium
1469 2651 1687 2737 longitudinis

488 2766 521 2813 20
539 2762 572 2814 ct
593 2752 805 2816 rotunditatis
828 2751 966 2835 singulis
988 2751 1271 2815 decussationibus
1294 2751 1425 2838 oblique
1446 2752 1532 2815 fixae
1555 2753 1688 2838 regulae

539 2876 597 2942 per
619 2864 691 2919 octo
715 2853 941 2918 crassitudinis
965 2852 1146 2918 divisiones
1170 2851 1335 2919 involutos
1359 2853 1485 2919 faciunt
1508 2853 1640 2920 canales
1656 2865 1688 2920 et

539 2958 659 3021 iustam
682 2955 812 3020 cocleae
833 2954 1080 3041 naturalemque
1107 2956 1334 3019 imitationem.
1379 2958 1426 3019 ita
1447 2978 1506 3042 per
1528 2958 1564 3020 id
1587 2958 1719 3021 vesti-3

537 3062 629 3144 gium
651 3058 735 3122 aliae
757 3080 856 3144 super
877 3056 958 3120 alias
981 3056 1127 3141 figuntur
1148 3067 1266 3120 unctae
1289 3059 1361 3144 pice
1376 3058 1513 3144 liquida,
1538 3068 1572 3123 et
1587 3081 1686 3143 exag-

537 3170 693 3246 gerantur
715 3159 758 3222 ad
780 3159 815 3221 id
837 3159 886 3223 uti
910 3157 1124 3241 longitudinis
1148 3170 1264 3223 octava
1286 3182 1361 3247 pars
1377 3159 1435 3223 fiat
1457 3182 1586 3223 summa
1601 3183 1686 3224 cras-

487 3274 520 3321 15
538 3262 658 3327 situdo.
703 3283 802 3347 supra
835 3283 889 3323 eas
926 3259 1168 3324 circumdantur
1202 3271 1234 3324 ct
1266 3262 1410 3346 figuntur
1442 3261 1577 3325 tabulae
1606 3284 1689 3348 quae

540 3460 768 3469 .-—..——-—-

541 3587 644 3653 (partes
672 3587 729 3638 Joc.
764 3587 798 3647 cs.
819 3603 846 3649 p.
869 3590 932 3647 259,
958 3587 1002 3649 12)
1030 3591 1091 3636 octo
1120 3588 1178 3639 GH.
1207 3583 1218 3651 Η
1248 3590 1260 3636 1
1285 3592 1327 3636 ut:
1358 3590 1396 3637 sic
1420 3588 1479 3639 GH.
1503 3583 1515 3654 ΙΙ
1542 3590 1559 3637 '2
1588 3588 1693 3653 capitis

540 3671 575 3721 ad
593 3669 717 3721 libellam
737 3667 811 3731 (-lu
830 3676 890 3718 ante
907 3685 975 3719 corr.
990 3671 1019 3733 G,
1033 3679 1060 3720 ut
1071 3688 1092 3720 a.
1107 3672 1146 3732 dl:
1164 3673 1202 3721 sic
1222 3672 1281 3721 GH.
1303 3669 1315 3737 ll
1338 3671 1527 3736 respondeant
1538 3710 1545 3725 .
1556 3676 1585 3722 et
1604 3687 1689 3737 qnam

539 3763 720 3821 magnario:
738 3756 776 3803 sic
796 3754 852 3803 GH.
877 3750 889 3819 ΙΙ
912 3756 1047 3805 3octava
1070 3756 1141 3806 doc:
1166 3760 1281 3806 octavae
1304 3754 1383 3821 (-ve
1404 3756 1436 3820 G)
1462 3756 1520 3807 GH.
1545 3753 1557 3821 ΙΙ
1584 3757 1691 3807 ddici·

539 3842 640 3891 dantur
657 3841 687 3888 H
704 3840 781 3903 (ecte,
800 3837 962 3888 decidantur
980 3838 1029 3905 J.):
1050 3839 1206 3889 dividantur
1226 3840 1247 3889 G
1265 3840 1323 3903 (sed
1341 3841 1376 3890 6⁶
1392 3843 1418 3891 in
1436 3857 1514 3904 niara.
1534 3841 1547 3889 i
1569 3841 1600 3891 al
1618 3841 1689 3891 dici·

541 3923 645 3989 dant2).
670 3920 683 3990 ss
705 3925 781 3989 tigno
802 3923 854 3973 GH
871 3921 915 3985 (a,
934 3924 1006 3987 tigni
1023 3923 1066 3986 lc).
1092 3920 1103 3988 ΙΙ
1127 3927 1141 3975 7
1161 3939 1214 3989 quo
1234 3924 1268 3974 G:
1288 3924 1358 3988 quod
1377 3926 1406 3974 H
1425 3923 1467 3987 (L,
1481 3922 1515 3989 qd
1528 3924 1575 3988 lc).
1589 3922 1601 3991 ll
1624 3926 1688 3975 Sin

539 4008 711 4075 longitudine
730 4012 889 4073 spectantes
913 3991 1064 4070 (sectantes
1084 4008 1166 4071 Mar.)
1190 4009 1296 4058 facient
1319 4007 1514 4059 decusationes
1535 4010 1595 4059 GH.
1619 4006 1632 4076 ll
1657 4014 1689 4059 10

541 4100 589 4144 aut
608 4094 641 4145 G:
661 4099 692 4141 ut
709 4094 738 4142 H
756 4090 835 4154 (Llcl.
858 4088 870 4158 ΙΙ
894 4108 959 4155 -qno
977 4097 1062 4140 uncta
1085 4093 1113 4140 H
1137 4094 1183 4155 (tc,
1208 4107 1261 4158 que
1288 4097 1372 4143 uncta
1396 4089 1480 4158 ⁶⁶Ll=
1508 4109 1562 4160 que
1590 4094 1688 4143 iuncta

540 4186 599 4227 ante
617 4193 670 4229 ras.
691 4163 720 4229 G,
743 4172 755 4243 ΙΙ
779 4179 811 4225 12
829 4176 1009 4241 longitudinis
1029 4175 1137 4238 (-num
1156 4175 1239 4240 Mur.)
1264 4181 1292 4225 et
1315 4177 1514 4226 circumitionis
1538 4177 1688 4228 decusses:

539 4262 726 4324 longitudines
749 4268 777 4310 et
801 4261 1004 4310 circumitiones
1028 4260 1137 4310 decusis
1162 4258 1315 4328 (docuslsis
1335 4262 1367 4323 G)
1394 4262 1453 4311 GH.
1476 4258 1489 4327 Ι]
1517 4264 1551 4312 13
1574 4264 1689 4326 singula

540 4350 643 4410 puncta
662 4348 715 4396 ed:
735 4346 840 4409 singuli
857 4349 960 4409 puncta
978 4346 1007 4393 H
1026 4344 1108 4409 (hle),
1131 4345 1231 4408 singuli
1250 4349 1351 4409 puncto
1371 4345 1400 4396 G.
1424 4340 1436 4409 ΙΙ
1461 4348 1492 4395 14
1515 4346 1622 4396 circum
1647 4349 1689 4397 in-

540 4429 687 4479 volvendo:
707 4432 744 4478 sic
765 4431 814 4479 GH
832 4426 967 4493 (circulin
1053 4430 1090 4491 H,
1109 4429 1185 4477 circu
1204 4425 1244 4488 inl
1335 4427 1375 4492 G).
1396 4424 1409 4493 ΙΙ
1433 4430 1465 4479 16
1488 4445 1505 4479 a
1523 4431 1626 4493 primo:
1651 4434 1690 4481 sic

543 4514 600 4564 GH.
625 4510 636 4578 [l
659 4516 688 4562 in
707 4530 759 4577 qua
777 4514 865 4579 prima
883 4515 912 4562 H
930 4510 1014 4576 (Llc):
1038 4513 1066 4560 in
1086 4514 1173 4576 prima
1191 4513 1286 4575 quaG
1309 4511 1367 4576 (sed
1385 4514 1419 4563 G0
1435 4516 1461 4562 in
1479 4530 1561 4578 mary.
1578 4515 1591 4563 i
1610 4514 1643 4565 el
1660 4517 1690 4565 in

542 4611 596 4657 qua
620 4596 728 4660 prima).
757 4594 768 4663 ll
798 4600 827 4647 17
851 4598 934 4660 spatii
958 4602 992 4645 et'
1009 4612 1068 4660 ego:
1096 4598 1189 4661 spatiis
1208 4595 1231 4645 e
1249 4595 1290 4659 (et
1309 4596 1340 4662 G)
1361 4598 1419 4647 GH.
1442 4593 1454 4664 ll
1484 4601 1515 4649 18
1534 4603 1600 4649 octa
1622 4602 1653 4652 G.
1673 4599 1688 4666 ΙΙ

542 4714 674 4762 tantunde
691 4713 714 4762 a
733 4712 773 4777 (ct
792 4715 837 4777 G):
857 4720 893 4765 sic
913 4717 970 4765 GH.
996 4712 1008 4779 ΙΙ
1030 4717 1062 4763 25
1081 4730 1162 4779 supra
1182 4713 1243 4779 (sup
1260 4723 1319 4764 unte
1338 4732 1390 4766 ras.
1411 4716 1474 4766 G:
1486 4686 1539 4785 suli
1560 4719 1607 4783 G0)
1630 4721 1689 4771 GH.
