3984 5825
798 675 845 722 uu
868 673 1135 723 uucruracruuu
1159 674 1227 720 cm.
1251 674 1284 719 x.
1551 658 1611 722 ‘257

463 830 514 895 los
537 829 717 917 pendentes
746 850 858 892 aereos
888 827 1062 913 congiales.
1106 828 1153 890 ita
1180 826 1321 891 versatio
1348 834 1437 890 rotae
1465 835 1612 890 catenum

463 935 499 998 in
522 952 620 995 axem
643 929 842 995 involvendo
865 930 977 994 efferet
1000 927 1114 993 situlos
1137 930 1169 992 in
1194 951 1364 1011 summum,
1389 929 1444 1014 qui
1468 950 1540 993 cum
1559 951 1611 993 su-

463 1055 525 1122 per
547 1053 643 1098 axem
667 1032 902 1119 pervehuntur,
933 1042 1090 1116 cogentur
1113 1032 1233 1094 inverti
1256 1042 1287 1095 et
1310 1029 1482 1095 infundere
1504 1035 1536 1097 in
1560 1055 1611 1096 co-

464 1133 598 1200 stellum
620 1154 724 1221 aquae
747 1131 833 1221 quod
857 1132 1045 1197 extulerint.

413 1249 459 1315 (v)
553 1237 655 1301 Fiunt
676 1235 774 1300 etiam
796 1235 831 1298 in
853 1233 1042 1299 fluminibus
1071 1244 1160 1299 retae
1190 1234 1314 1298 eisdem
1336 1235 1517 1301 rationibus
1541 1237 1610 1323 qui·
1629 1246 1653 1295 x

463 1338 528 1403 bus
551 1359 650 1425 supra
672 1336 829 1424 scriptum
852 1345 911 1402 est.
948 1337 1035 1400 circa
1059 1358 1168 1400 eurum
1190 1336 1315 1402 frontes
1335 1337 1525 1423 adfiguntur
1540 1340 1610 1426 pin·
1629 1350 1645 1397 c

463 1461 538 1522 nac,
561 1461 644 1527 quae
666 1461 739 1504 curn
760 1439 985 1526 percutiuntur
1007 1437 1049 1502 ub
1073 1440 1196 1526 impctu
1218 1438 1373 1522 fluminis,
1396 1450 1517 1526 cogunt
1539 1463 1611 1528 pro·

464 1539 652 1629 gredientes
681 1541 806 1605 versari
834 1549 954 1624 rotam,
991 1550 1023 1605 et
1051 1541 1097 1603 ita
1125 1539 1276 1605 modiolis
1305 1540 1490 1607 haurientes
1520 1554 1551 1607 ct
1578 1544 1612 1608 in

465 1664 629 1708 summum
650 1641 829 1707 referentes
857 1643 927 1706 sinc
955 1663 1125 1729 operarum
1155 1640 1316 1707 calcatura
1343 1645 1446 1730 ipsius
1469 1643 1611 1709 fluminis

465 1743 599 1834 inpulsu
621 1754 770 1809 versatae
793 1752 960 1832 praestant
981 1743 1068 1830 quod
1091 1766 1171 1830 opus
1196 1744 1308 1808 estad
1331 1768 1435 1809 usum.
1632 1759 1662 1805 ru

428 1864 444 1913 2
551 1845 678 1911 Eadem
706 1848 832 1911 ratione
862 1845 959 1911 etiam
988 1857 1162 1909 versantur
1189 1844 1395 1932 hydraletae,
1430 1848 1464 1910 iu
1493 1847 1611 1934 quibus

465 1946 582 2014 eadem
616 1958 692 2013 sunt
725 1948 834 2013 omnia
869 1957 1096 2035 praeterquam
1131 1947 1217 2034 quod
1245 1948 1278 2010 in
1306 1968 1369 2011 uno
1405 1949 1510 2035 capite
1538 1951 1611 2013 axis

464 2061 658 2139 tympanum
685 2047 854 2114 dentatum
882 2059 931 2114 cst
958 2049 1130 2114 inclusum.
1175 2048 1210 2112 id
1232 2057 1339 2112 autem
1369 2048 1411 2111 ad
1439 2049 1611 2136 perpendi-

465 2152 574 2218 culum
610 2149 813 2217 eonloeatum
849 2152 884 2214 in
917 2150 1057 2216 cultrum
1088 2144 1238 2215 'versatur
1271 2172 1343 2214 eum
1375 2160 1446 2215 rota
1479 2151 1611 2237 pariter.

465 2251 646 2321 seeundum
674 2253 709 2318 id
737 2263 926 2341 tympanum
954 2253 1058 2317 maius
1093 2255 1171 2317 item
1205 2253 1374 2317 dentatum
1402 2251 1534 2339 planum
1563 2262 1612 2317 est
1632 2265 1662 2313 ro

465 2354 686 2437 conlocatum,
716 2377 779 2442 quo
807 2355 1002 2419 continetur.
1048 2355 1094 2419 itu
1116 2353 1230 2419 dontes
1260 2356 1330 2419 eius
1354 2355 1502 2442 tympani
1525 2354 1611 2442 quod

465 2467 516 2524 est
537 2459 573 2523 in
595 2478 659 2522 axo
680 2455 842 2521 inclusum
865 2453 1051 2544 inpellendo
1074 2454 1186 2521 dentes
1210 2457 1358 2545 tympani
1380 2456 1469 2544 plani
1492 2467 1612 2543 cogunt

464 2560 536 2625 fieri
558 2557 717 2625 molarum
740 2558 993 2624 circinationem.
1038 2560 1073 2622 in
1096 2580 1159 2644 qua
1182 2558 1331 2622 machina
1358 2558 1539 2646 inpendens
1563 2560 1611 2623 in-

466 2660 676 2727 fundibulum
692 2661 918 2725 subministrat
933 2658 1027 2725 molis
1043 2658 1240 2724 frumentum
1257 2670 1288 2724 et
1301 2659 1413 2723 eadcm
1426 2662 1612 2726 versatione

467 2762 632 2849 subigitur
653 2763 770 2828 farina.
1630 2773 1662 2823 20

379 2879 445 2944 (vl)
551 2864 614 2932 Est
635 2874 741 2930 autem
766 2865 864 2930 etium
887 2862 1014 2931 cocleae
1036 2865 1119 2929 ratio
1143 2885 1225 2952 quae
1247 2885 1397 2950 magnam
1414 2851 1482 2930 vim
1503 2864 1611 2931 haurit
1624 2873 1662 2925 xl

430 2968 436 2979 '
467 2989 571 3057 aquae
600 2966 659 3033 sed
687 2989 752 3033 non
779 2978 846 3033 tam
867 2966 931 3032 alte
952 2965 1039 3031 tollit
1062 2988 1158 3053 quam
1180 2976 1262 3032 rota.
1307 2968 1375 3031 eius
1397 2976 1506 3032 autem
1528 2968 1611 3031 ratio

467 3070 515 3135 sic
543 3068 729 3158 expeditur.
781 3070 907 3155 tignum
937 3070 1093 3150 sumitur,
1129 3069 1220 3133 cuius
1249 3068 1334 3154 tigni
1363 3080 1484 3156 quanta
1512 3070 1610 3136 ratio·

391 3173 393 3178 ’
467 3173 597 3237 einatur
618 3171 737 3259 pedum
759 3168 948 3256 longitudo,
977 3179 1069 3234 tanta
1096 3168 1274 3255 digitorum
1298 3169 1472 3259 expeditur
1495 3172 1611 3236 crassi·

465 3272 558 3339 tude.
604 3271 638 3337 id
660 3272 703 3337 ad
732 3274 888 3337 circinum
917 3271 1122 3336 rotundatur.
1166 3271 1201 3335 in
1224 3271 1386 3359 capitibus
1416 3273 1537 3337 circino
1561 3271 1608 3336 di·
1629 3285 1662 3333 25

467 3373 624 3440 videntur
658 3375 898 3439 circumitiones
934 3395 1044 3437 eorum
1080 3372 1275 3437 tetrantibus
1304 3383 1336 3437 ct
1363 3374 1548 3439 octantibus
1578 3375 1611 3438 in

535 3601 551 3650 2
570 3598 655 3650 situle
673 3604 732 3649 onte
750 3613 818 3649 corr.
840 3600 869 3651 li.
892 3593 904 3663 ll
928 3597 973 3663 qui
991 3612 1042 3661 sup
1061 3613 1139 3648 axem
1160 3597 1210 3649 GH
1229 3596 1300 3661 (cunr
1314 3601 1374 3650 odd.
1394 3598 1472 3663 dou).
1497 3595 1508 3665 ll
1531 3603 1547 3651 3
1566 3616 1611 3650 cn-

467 3683 551 3736 stsllir
571 3698 654 3750 aqua:
673 3686 711 3733 sir
730 3683 787 3736 ull.
811 3679 823 3749 ΙΙ
847 3684 863 3733 ὑ
881 3681 983 3732 eisdem
1004 3682 1111 3747 (iisdcm
1132 3683 1191 3748 ⁶⁶l²
1211 3684 1331 3734 ciusdem
1352 3683 1485 3748 (eilldcm
1505 3685 1542 3747 ΙΙ)
1563 3686 1614 3735 (ill

468 3768 553 3832 (arce,
577 3763 846 3834 dissertaverat).
870 3762 882 3833 ll
910 3768 1028 3833 tisupra
1053 3768 1080 3817 ΙΙ
1104 3766 1187 3831 (Ιλο);
1215 3784 1266 3832 sup
1286 3770 1315 3818 (ι’.
1339 3765 1350 3834 ll
1374 3771 1508 3817 8rotum:
1537 3772 1611 3817 rotas

467 3851 538 3909 Mar.
561 3849 574 3919 ΙΙ
597 3851 724 3904 modiolis
742 3852 902 3903 haurientes
921 3848 1001 3915 (-tis
1019 3852 1059 3916 ΙΙ)
1080 3852 1133 3901 (ill
1149 3851 1215 3914 (lale,
1233 3855 1281 3902 ard
1300 3853 1334 3901 11⁶
1356 3850 1465 3902 modioli
1483 3851 1612 3901 haurien-

466 3935 531 4001 tes).
554 3931 568 4004 ll
590 3938 620 3987 11
640 3936 802 4003 hydraletae
820 3937 911 3986 Sela:
931 3935 1084 4001 hydraulas
1104 3936 1155 3988 ύἸΙ
1173 3935 1360 3999 (hydromylue
1382 3934 1530 3997 dimachas).
1547 3932 1559 4001 ss
1580 3938 1611 3986 13

468 4025 511 4072 est
530 4018 569 4084 (at
586 4038 608 4071 u.
629 4020 671 4083 17)
691 4021 780 4071 Seleu:
800 4019 822 4069 lit
841 4018 880 4086 (et
894 4019 925 4083 d)
946 4020 1005 4077 GH,
1029 4016 1040 4087 Η
1065 4022 1096 4071 lb
1115 4021 1215 4073 maius:
1233 4019 1334 4069 stafili
1352 4018 1451 4080 (minus
1469 4035 1522 4068 rum
1535 4020 1610 4069 Perr.

467 4113 493 4155 et
512 4105 568 4159 Gal.
587 4103 690 4169 ficher).
715 4103 727 4172 ll
752 4108 782 4155 ra
801 4105 959 4156 continetur
977 4105 1019 4154 ita
1037 4105 1144 4156 dentes:
1168 4105 1205 4154 stc
1229 4104 1280 4153 (ill
1304 4103 1349 4167 (tr,
1374 4104 1537 4154 continetur.
1567 4106 1611 4155 Ita

466 4189 565 4240 dentes
578 4188 621 4255 L).
645 4190 760 4239 foranum
777 4191 815 4240 aie
832 4191 943 4254 expleuit
956 4189 1013 4240 dor.
1029 4203 1081 4254 quo
1100 4189 1258 4240 continetur
1277 4189 1335 4238 axis
1347 4187 1453 4238 habens
1467 4190 1495 4238 in
1508 4203 1611 4239 summo

468 4278 562 4340 capite
581 4274 744 4326 subscudom
763 4274 891 4336 ferream,
911 4289 965 4337 qua
982 4273 1056 4323 molo
1076 4274 1239 4325 continetur.
1262 4268 1274 4339 ll
1299 4274 1329 4323 17
1348 4272 1423 4337 plani
1436 4271 1507 4322 doc:
1528 4273 1611 4337 plane

469 4359 528 4412 GH.
546 4355 558 4425 ΙΙ
579 4361 610 4411 18
628 4358 762 4410 melorum
781 4359 829 4408 Le:
848 4358 981 4409 malarum
996 4358 1047 4408 (ιἸΙ
1065 4357 1099 4420 (lc
1116 4365 1141 4407 ct
1159 4364 1218 4408 unte
1236 4373 1304 4408 corr.
1319 4358 1363 4420 L).
1380 4352 1392 4424 {l
1409 4355 1611 4408 infundibulum

467 4444 517 4497 110:
532 4443 689 4495 infuuibulfr
703 4443 760 4494 (111.
773 4439 785 4508 ΙΙ
797 4445 829 4493 23
839 4446 944 4509 ‹pranta
954 4442 1136 4492 ratiocinatur
1148 4458 1193 4506 epo
1205 4441 1250 4506 (ef.
1260 4459 1286 4506 p.
1295 4445 1352 4502 266,
1363 4441 1402 4506 d):
1417 4445 1523 4506 quanta
1535 4447 1612 4491 ratur

469 4564 521 4615 (iII
539 4560 606 4629 (hle,
624 4566 672 4614 sed
689 4563 725 4612 Μ
743 4565 768 4612 ia
785 4579 864 4628 marg.
883 4566 918 4613 od
935 4553 992 4613 rit²
1013 4565 1118 4613 attactui
1136 4562 1256 4611 ·'raticno
1284 4559 1319 4626 [q.
1342 4565 1515 4612 mensuratur
1537 4560 1565 4623 [θ
1587 4567 1612 4610 et

467 4650 540 4699 hier.
560 4644 597 4715 1]‚
623 4664 648 4713 q.
672 4647 756 4697 fuerit
778 4647 848 4706 doc„
873 4664 897 4713 q,
916 4648 997 4698 datur
1021 4645 1113 4710 Mun).
1137 4643 1148 4713 ll
1170 4647 1203 4696 26
1226 4644 1384 4696 dividentur
1407 4644 1612 4696 circumitiones

467 4749 562 4784 eorum
579 4732 748 4783 tetrantibus
767 4732 806 4796 (in
824 4736 918 4798 partes
938 4735 1069 4796 quattuor
1086 4732 1147 4782 add.
1166 4729 1234 4797 doe.)
1258 4734 1286 4781 et
1304 4730 1463 4782 octantibus
1481 4731 1510 4781 in
1529 4729 1612 4796 pedes

503 4833 617 4872 vrrauv.
637 4833 672 4868 uu
692 4832 806 4872 nucum.
1370 4812 1406 4880 17
