3984 5825
678 658 726 705 na
748 656 1015 706 sncmracruna
1040 658 1109 704 nm.
1133 659 1179 704 vr.
1440 642 1494 705 131

352 810 538 898 spectantia
566 811 708 874 maxime
736 810 779 873 ad
807 811 1072 897 septentrionem.
1125 831 1200 872 nam
1228 810 1428 875 meridianae
1449 833 1499 874 re·

353 914 470 998 gienes
499 920 632 999 propter
663 920 772 976 aestus
808 913 927 976 cariem
959 913 1082 976 tineam
1115 911 1277 975 teredines
1310 911 1499 998 reliquaque

353 1014 535 1078 bestiamm
556 1015 742 1078 nocentium
763 1035 884 1099 genera
898 1023 1070 1099 procreant
1090 1012 1270 1098 alendoque
1293 1024 1498 1097 conservant,

352 1136 457 1202 caque
490 1114 640 1179 aedilicia
671 1116 804 1180 minime
834 1125 910 1180 sunt
943 1114 1145 1178 materianda
1176 1124 1307 1201 propter
1335 1115 1497 1178 incendia.

351 1216 396 1280 ‹le
423 1215 705 1302 magnitudinibus
733 1226 842 1280 autem
871 1218 976 1282 finitio
1004 1215 1093 1280 nulla
1121 1216 1219 1280 debet
1249 1237 1335 1297 esse,
1365 1217 1423 1280 scd
1451 1217 1533 1281 fae

352 1319 476 1387 ciunda
497 1317 540 1382 ad
560 1318 738 1382 maximum
759 1319 893 1382 navium
915 1318 1059 1400 modum,
1081 1319 1129 1382 uti
1153 1319 1214 1382 etsi
1237 1319 1376 1383 maiores
1398 1341 1498 1383 naves

351 1418 536 1485 subductae
558 1419 690 1501 fuerint,
712 1417 854 1483 babeant
875 1440 949 1483 cum
971 1418 1156 1484 laxamento
1171 1419 1218 1483 ibi
1234 1418 1498 1485 conlocationem.

440 1520 534 1601 Quae
555 1523 740 1587 necessaria
761 1521 804 1585 ad
825 1519 1001 1585 utilitatem
1024 1523 1058 1585 in
1081 1520 1271 1587 civitatibus
1294 1521 1499 1607 publicorum

352 1621 497 1688 locorum
536 1642 724 1689 succurrere
763 1621 843 1687 mibi
883 1631 1074 1708 potuerunt,
1113 1622 1383 1708 quemadmodum
1425 1646 1498 1688 con·

353 1727 532 1791 stituantur
554 1733 587 1791 et
609 1723 818 1812 perficiantur
840 1724 874 1787 in
889 1722 951 1788 hee
965 1721 1130 1787 volumine
1145 1725 1273 1810 scripsi,
1297 1725 1498 1810 privatorum
1520 1741 1550 1788 10

351 1837 463 1891 autem
484 1825 707 1891 aedificiorum
729 1824 889 1890 utilitates
913 1834 945 1888 et
967 1845 1078 1888 cerum
1094 1826 1299 1912 symmetrias
1315 1827 1499 1913 insequenti

351 1928 521 1995 volumine
543 1928 773 1994 ratiocinabor.

668 2182 878 2259 LIBER
923 2183 1196 2260 SEXTUS.

439 2352 631 2439 Aristippus
654 2351 865 2440 philosophus
883 2351 1066 2417 Socraticus
1088 2352 1259 2437 naufragio
1282 2374 1356 2415 cum
1378 2354 1499 2418 eiectus

318 2479 329 2525 1
354 2453 397 2516 ad
424 2451 662 2518 Rhodiensium
690 2453 767 2519 litus
796 2448 1082 2519 animadvertisset
1109 2456 1307 2538 geometrica
1335 2455 1499 2519 schemata
1519 2472 1549 2519 lt

355 2554 533 2642 descripta,
557 2538 792 2620 exclamavisse
819 2555 862 2619 ad
890 2556 1024 2620 comites
1052 2556 1099 2619 ita
1127 2555 1247 2620 dicitur
1274 2557 1369 2621 ‘bene
1391 2580 1498 2643 spere-

355 2678 443 2738 mus,
472 2656 641 2722 beminum
668 2659 755 2722 enim
777 2658 919 2743 vestigia
942 2658 1050 2721 vidco’
1084 2658 1259 2743 statimque
1286 2660 1321 2721 in
1344 2659 1498 2744 oppidum

354 2756 508 2847 Rhodum
536 2758 704 2824 contendit
732 2768 763 2823 et
789 2769 879 2824 recta
905 2759 1112 2845 gymnasium
1141 2758 1293 2841 devenit,
1324 2759 1435 2845 ibique
1457 2761 1499 2824 de

354 2857 562 2948 philosophia
584 2860 754 2948 disputans
777 2860 965 2926 muneribus
989 2870 1038 2925 est
1060 2858 1209 2940 donatus,
1232 2868 1351 2924 utnon
1372 2870 1497 2925 tantum

355 2983 391 3026 se
425 2970 557 3026 ornaret
588 2962 645 3026 sed
680 2963 778 3027 etiam
812 2965 859 3028 eis
892 2963 948 3049 qui
982 2984 1048 3025 una
1076 2962 1207 3025 fuerunt
1235 2970 1267 3024 et
1289 2963 1443 3026 vestitum
1467 2972 1499 3027 et
1516 2979 1549 3026 20

355 3073 465 3128 cetera
493 3084 576 3150 quae
604 3086 683 3150 opus
713 3074 822 3129 essent
849 3066 890 3128 ad
914 3065 1037 3128 vietum
1059 3071 1249 3149 praestaret.
1295 3084 1367 3124 cum
1389 3073 1498 3127 autem

355 3166 426 3229 eius
455 3166 590 3230 comites
617 3166 652 3230 in
679 3167 818 3252 patriam
845 3166 966 3229 reverti
995 3164 1175 3229 voluissent
1196 3165 1498 3251 interrogarentque

355 3289 429 3331 eum
458 3265 613 3354 quidnam
641 3266 742 3332 vellet
769 3268 900 3331 demum
927 3267 1122 3349 renuntiari,
1150 3274 1229 3329 tune
1256 3268 1302 3330 ita
1330 3265 1498 3330 inundavit

355 3368 485 3452 dicere,
514 3368 675 3435 eiusmodi
696 3371 916 3457 possessiones
940 3378 972 3432 et
993 3369 1115 3432 viatica
1136 3366 1248 3431 liberis
1272 3377 1420 3454 opertere
1441 3391 1497 3455 pa-

352 3470 420 3535 rari
448 3492 531 3558 quae
558 3472 655 3536 etiam
685 3470 895 3556 enaufragio
922 3492 987 3534 una
1014 3479 1146 3557 pascent
1176 3477 1316 3532 enatare.
1360 3491 1499 3556 namque
1517 3487 1549 3535 ao

317 3597 334 3644 2
353 3593 394 3636 ea
416 3593 495 3636 vcra
516 3571 680 3659 praesidia
702 3582 778 3637 sunt
800 3574 888 3637 vitae
904 3571 1022 3659 quibus
1038 3593 1143 3657 neque
1158 3570 1308 3635 fortunae
1323 3579 1498 3657 tempestas

351 3675 469 3760 iniqua
491 3693 597 3760 neque
619 3673 823 3761 publicarum
845 3695 953 3738 rerum
974 3674 1111 3738 mutatio
1134 3695 1240 3759 neque
1260 3671 1338 3736 belli
1359 3674 1499 3736 vastatio

422 3879 630 3930 tmaartanda
649 3881 682 3933 G:
706 3880 838 3930 -rienda
860 3882 888 3929 II
910 3879 967 3941 (tt,
987 3879 1117 3945 —riandq
1135 3877 1186 3943 ct).
1213 3874 1224 3945 ll
1253 3881 1268 3928 ὓ
1292 3877 1423 3928 faciunda
1448 3878 1498 3925 (ill

358 3964 444 4030 (Ltc).
464 3961 477 4032 ΙΙ
500 3967 516 4015 9
534 3968 682 4031 potuerant
701 3965 723 4015 G
741 3965 799 4029 (L):
818 3969 947 4031 poterunt
965 3966 993 4014 H
1012 3964 1067 4029 (le).

423 4099 545 4150 Vitruvii
562 4099 634 4150 liber
652 4100 761 4164 quintus
780 4079 839 4165 (lib.
861 4099 893 4149 V.
908 4099 945 4163 d)
965 4099 1090 4164 explicit.
1122 4098 1220 4162 incipit
1242 4096 1313 4146 liber
1335 4102 1426 4146 sextus
1447 4097 1496 4158 (in-

351 4186 426 4252 cipit
443 4183 489 4236 vl.
510 4183 542 4248 G)
563 4184 615 4235 ⁶11
631 4182 673 4248 (L,
692 4200 738 4239 om.
758 4201 821 4237 nem.
840 4201 862 4242 c,
881 4182 1003 4249 Explicit
1020 4183 1038 4235 l.
1063 4197 1088 4247 q.
1107 4183 1138 4234 V.
1163 4189 1210 4231 etr.
1231 4184 1251 4244 l,
1273 4183 1328 4230 sinc
1346 4182 1385 4230 tit.
1409 4183 1497 4230 {terma

350 4273 377 4330 lt,
396 4276 424 4320 at
443 4276 468 4320 et
486 4271 512 4319 in
528 4267 708 4335 sequentibus).

426 4373 458 4421 14
476 4370 630 4421 sacratione
648 4378 707 4421 ante
725 4387 794 4424 corr.
815 4373 836 4418 (i
855 4369 915 4435 (non
930 4368 971 4432 E).
996 4366 1009 4435 Η
1033 4367 1137 4417 clectus
1156 4374 1214 4416 onte
1233 4367 1410 4427 rorr.(1⁷(oon
1424 4367 1468 4427 E).
1484 4364 1496 4432 ll

355 4459 391 4507 15
410 4455 597 4507 hredicnsinm
615 4456 641 4506 E
659 4455 720 4520 (non
740 4456 768 4510 G.
788 4456 822 4518 cf.
834 4472 861 4520 p.
881 4458 923 4516 tr,
935 4454 987 4517 11).
1004 4450 1015 4519 ΙΙ
1034 4453 1175 4502 schemata
1187 4452 1215 4499 ll
1228 4450 1287 4514 (th
1308 4455 1431 4500 scemata
1451 4451 1499 4498 Ed

355 4539 413 4604 (lc).
436 4537 448 4607 ΙΙ
473 4542 504 4591 18
521 4539 633 4592 hrodum
653 4539 826 4601 EG‚red11m
847 4541 874 4589 H
896 4535 1020 4601 (rhodum
1039 4537 1106 4598 lde).
1129 4533 1141 4599 ΙΙ
1165 4539 1243 4585 recta
1266 4536 1293 4583 Il
1312 4534 1394 4599 (Llc):
1422 4540 1498 4584 reete

355 4625 415 4678 Ee.
438 4624 451 4691 ΙΙ
474 4625 647 4690 gymnarium
665 4632 724 4675 onte
746 4640 815 4674 corr.
836 4625 857 4674 G
875 4620 937 4687 (nen
957 4622 1002 4684 Ε),
1029 4618 1041 4687 ll
1064 4624 1096 4670 20
1119 4620 1240 4669 fuerunt:
1262 4621 1299 4669 sic
1323 4619 1407 4672 ΕΘΗ,
1431 4616 1443 4685 Η
1466 4623 1498 4669 23

356 4710 456 4761 donum
478 4710 500 4761 G
519 4709 579 4775 (non
597 4710 643 4774 E).
667 4706 678 4777 ll
702 4711 735 4759 25
752 4714 866 4759 enatare
887 4709 934 4757 Eli
952 4706 1018 4771 (clt):
1038 4720 1167 4756 enarrare
1186 4706 1214 4753 ΙΙ
1233 4702 1267 4767 (l.
1279 4705 1297 4763 l.

1207 4785 1296 4852 .9*
