3984 5825
703 647 751 693 ns
773 647 1041 696 assumserunt
1065 649 1133 694 nm.
1157 651 1203 695 vr.
1463 638 1523 702 145

377 808 511 887 propter
534 798 674 864 calorem
697 798 839 864 efficitur
859 811 1020 883 aestuosa,
1045 823 1082 864 eo
1105 800 1190 887 quod
1214 810 1264 866 est
1278 823 1395 866 aversa
1410 826 1429 865 a
1445 804 1522 868 solis

378 923 475 965 cursu
502 922 629 988 semper
662 900 856 986 refrigerata
884 912 916 965 et
945 901 1171 966 salubritatem
1200 913 1231 967 et
1258 902 1458 990 voluptatem
1488 909 1522 969 in

377 1027 440 1068 usu
462 1013 617 1090 praestat.
660 1025 726 1066 non
748 1004 855 1067 minus
882 1003 1113 1090 pinacothecae
1142 1015 1173 1069 et
1195 1004 1429 1091 plumariorum
1451 1016 1521 1070 tex-

376 1107 463 1170 trina
479 1107 704 1192 pictorumque
718 1103 880 1186 officinae,
902 1107 951 1169 uti
966 1104 1090 1169 colores
1107 1128 1216 1170 corum
1232 1108 1265 1170 in
1281 1130 1376 1196 opere
1391 1122 1524 1196 propter

377 1208 593 1273 constantiam
614 1205 745 1269 luminis
769 1208 927 1271 inmutata
939 1208 1159 1293 'permaneant
1182 1208 1347 1295 qualitate.
1541 1226 1556 1273 s

320 1316 372 1381 (V)
465 1309 549 1374 Cum
580 1307 623 1371 ad
656 1309 806 1393 regiones
839 1306 920 1371 caeli
948 1310 994 1372 ita
1023 1331 1060 1373 ca
1087 1309 1209 1374 fuerint
1237 1310 1411 1399 disposita,
1445 1324 1523 1377 tunc
1541 1325 1608 1378 VIII

377 1413 478 1475 etiam
504 1409 830 1474 animadvertendum
858 1418 907 1473 est
929 1410 1047 1502 quibus
1070 1411 1250 1476 rationibus
1273 1415 1411 1499 privatis
1434 1418 1522 1480 aedi·

376 1512 461 1577 ficiis
499 1512 631 1600 propria
668 1510 739 1576 loca
770 1510 919 1598 patribus
952 1512 1149 1578 familiarum
1182 1524 1213 1578 et
1251 1515 1522 1600 quemadmodum

377 1616 562 1679 communia
582 1636 655 1678 cum
677 1613 1032 1678 extraneis'acdificari
1053 1614 1203 1679 debeant.
1247 1639 1386 1704 namque
1408 1640 1449 1681 ex
1471 1619 1522 1684 his

378 1737 463 1803 quae
496 1717 628 1804 propria
661 1725 752 1799 sunt,
785 1717 820 1779 in
852 1736 890 1778 ea
915 1738 981 1780 non
1010 1726 1059 1780 est
1086 1726 1230 1803 potestas
1259 1720 1409 1783 omnibus
1437 1720 1522 1785 intro
1542 1736 1573 1783 10

377 1815 477 1887 ermdi
509 1817 575 1881 nisi
603 1818 768 1899 invitatis,
804 1817 1076 1904 quemadmodum
1103 1828 1179 1882 sunt
1206 1819 1354 1884 cubicula
1381 1821 1523 1886 triclinia

375 1918 527 1984 balineae
549 1928 719 2005 ceteraque
741 1941 823 2005 quae
846 1919 977 1983 easdem
999 1919 1121 1983 habent
1142 1943 1219 1984 usus
1242 1924 1394 1987 rationes.
1437 1945 1521 1988 com-

376 2022 488 2086 munia
515 2031 623 2085 autem
645 2029 720 2084 sunt
741 2020 859 2105 quibus
883 2021 979 2084 etiam
1003 2024 1147 2086 invocati
1169 2045 1227 2088 suo
1249 2025 1319 2086 iure
1342 2023 1382 2087 de
1404 2025 1522 2111 populo

375 2130 515 2209 possunt
530 2123 652 2204 venire,
675 2120 711 2185 id
726 2131 776 2185 est
791 2121 956 2199 vestibula
978 2145 1060 2186 cava
1081 2124 1212 2188 aedium
1233 2124 1405 2212 peristylia
1427 2149 1522 2212 quae·

377 2248 440 2312 que
467 2222 606 2288 eundem
634 2222 754 2287 habere
780 2233 917 2309 possunt
943 2249 1048 2289 usum.
1099 2225 1200 2310 igitur
1228 2226 1255 2289 is
1285 2229 1340 2312 qui
1362 2230 1573 2293 communire

377 2335 454 2391 sunt
476 2325 617 2406 fortuna,
639 2347 705 2388 non
726 2327 911 2389 necessaria
932 2327 1107 2411 magnifica
1130 2326 1295 2392 vestibula
1316 2350 1376 2392 nec
1398 2328 1522 2393 tablina

377 2449 485 2515 neque
499 2427 593 2508 atria,
617 2426 704 2513 quod
719 2429 823 2512 magis
839 2426 914 2491 aliis
930 2427 1039 2491 officia
1053 2438 1220 2515 praestant
1234 2430 1410 2495 ambiundo
1427 2454 1522 2517 quam

342 2530 420 2594 2ab
434 2527 508 2594 aliis
523 2526 720 2592 ambiuntur.
765 2529 821 2615 qui
841 2539 949 2592 autem
971 2529 1132 2594 fructibus
1155 2531 1286 2595 rusticis
1308 2533 1466 2614 serviunt,
1489 2535 1523 2595 in

378 2653 491 2696 eorum
505 2628 678 2694 vestibulis
694 2628 823 2693 stabula
844 2629 1011 2712 tabernac,
1035 2633 1070 2695 in
1091 2630 1227 2695 aedibus
1251 2632 1523 2748 cHthomea
1551 2599 1580 2741 ⁷)

375 2731 556 2821 apothecae
581 2740 753 2817 ceteraque
778 2753 861 2817 quae
887 2731 930 2794 ad
952 2732 1076 2796 fructus
1099 2718 1276 2798 servandos
1299 2757 1403 2819 magis
1415 2732 1523 2821 'duam
1541 2752 1574 2801 20

375 2836 421 2898 ad
444 2833 624 2920 elegantiae
639 2832 789 2897 decorem
811 2844 948 2920 possunt
970 2857 1052 2917 csse,
1075 2835 1121 2898 ita
1143 2845 1218 2898 sunt
1240 2834 1399 2898 facienda.
1444 2839 1521 2900 item

378 2934 620 3001 feneratoribus
648 2945 681 2998 et
702 2933 885 3021 publicanis
909 2936 1127 3000 commodiora
1155 2945 1186 3000 et
1209 2936 1405 3022 speciosiora
1427 2946 1459 3000 et
1481 2937 1522 3000 ab

376 3036 509 3103 insidiis
524 3045 612 3117 tuta,
635 3034 818 3101 forensibus
834 3045 943 3100 autem
966 3046 999 3100 et
1021 3036 1153 3100 disertis
1177 3035 1374 3120 elegantiora
1396 3045 1428 3099 et
1450 3059 1523 3121 spa-

375 3140 514 3205 tiosiora
535 3137 578 3202 ad
601 3147 779 3202 conventus
803 3136 1034 3223 excipiendos,
1058 3136 1223 3203 nobilibus
1246 3160 1324 3201 vero
1347 3138 1402 3223 qui
1423 3137 1523 3201 hono·

325 3286 331 3295 ·
376 3263 431 3306 res
453 3241 728 3326 magistratusque
749 3239 897 3325 gerundo
918 3250 1084 3325 praestare
1106 3238 1227 3303 debent
1250 3238 1358 3304 officia
1380 3237 1521 3321 civibus,
1540 3260 1573 3307 25

377 3342 536 3407 faciunda
564 3349 639 3405 sunt
666 3340 830 3405 vestibula
852 3338 974 3424 regalia
995 3339 1077 3423 alta,
1105 3341 1187 3404 atria
1210 3350 1241 3404 et
1263 3339 1434 3428 peristylia
1455 3362 1521 3402 am-

377 3444 544 3533 plissima,
572 3441 675 3508 silvae
702 3441 1003 3527 ambulationesque
1025 3441 1164 3506 laxiores
1187 3442 1230 3506 ad
1252 3441 1401 3505 decorem
1424 3442 1521 3504 maie-

378 3547 474 3612 statis
489 3544 664 3633 perfectae,
688 3553 853 3630 praeterca
874 3543 1092 3609 bibliothecae
1115 3543 1345 3630 pinacothecae
1366 3542 1523 3607 basilicae

377 3643 446 3714 non
474 3644 627 3712 dissimili
654 3645 749 3710 modo
776 3667 873 3730 quam
902 3643 1105 3733 publicorum
1128 3667 1259 3732 operum
1283 3643 1525 3730 magnificentia

451 3856 464 3903 1
484 3852 605 3903 eflicitur
617 3854 746 3902 aestuosa
759 3851 850 3902 Selia:
870 3851 1029 3902 efficiuntur
1048 3856 1192 3903 aestuosae
1206 3852 1264 3901 ull.
1287 3847 1300 3916 Η
1323 3866 1355 3900 eo
1373 3852 1413 3902 ed.
1433 3847 1523 3913 (rec.):

381 3954 417 3990 ea
436 3938 495 3991 GH.
517 3932 530 4003 ss
552 3935 708 3987 3textrina
725 3935 762 3987 L:
786 3937 894 3985 extrina
918 3936 968 3985 GH
989 3935 1044 4000 (lo).
1068 3932 1080 4001 l]
1108 3935 1300 3986 {inonstantia
1322 3934 1351 3981 Η
1373 3932 1398 3994 (o
1416 3940 1441 3981 et
1463 3940 1522 3980 onte

380 4038 452 4073 corr.
474 4008 513 4085 Iti.
539 4017 552 4086 ΙΙ
580 4022 611 4069 11
634 4020 753 4069 balneae
778 4020 837 4069 GH.
861 4018 872 4086 ΙΙ
896 4022 927 4070 15
949 4020 987 4069 is:
1015 4019 1058 4069 his
1083 4020 1140 4069 GH.
1168 4016 1180 4083 ΙΙ
1209 4020 1240 4068 ’16
1263 4017 1442 4070 noncessaria
1463 4023 1522 4065 onte

381 4122 452 4158 corr.
473 4105 504 4156 6.
526 4100 538 4172 Η
559 4103 686 4156 tabulina
710 4104 768 4154 GH.
797 4100 809 4169 ΙΙ
838 4107 868 4153 17
887 4104 974 4169 magis
994 4103 1057 4153 aliis
1082 4101 1195 4165 (maliis)
1219 4118 1264 4166 ego
1288 4100 1399 4163 (Sahalz
1428 4100 1522 4149 inaliis

383 4191 444 4243 GH.
468 4186 481 4256 ΙΙ
504 4204 586 4256 quam
604 4188 693 4241 Selia:
714 4203 784 4253 quae
805 4188 863 4239 GH.
886 4183 897 4252 ΙΙ
922 4190 953 4236 19
971 4188 1077 4251 criptae
1096 4184 1168 4250 (—te
1189 4183 1254 4248 GLl)
1269 4184 1319 4233 GH
1337 4183 1449 4248 (scripte
1467 4200 1481 4231 o
1498 4190 1523 4231 et

382 4282 443 4326 ante
465 4290 534 4325 corr.
552 4272 588 4338 a).
612 4270 625 4339 ll
646 4274 678 4321 11
703 4272 855 4336 eligantiae
874 4272 902 4319 H
920 4269 1004 4335 (Lle):
1024 4270 1163 4335 elegantia
1184 4270 1205 4319 G
1227 4267 1297 4331 (sic).
1322 4265 1334 4331 ll
1357 4270 1389 4317 13
1413 4267 1522 4316 disertis

382 4361 415 4409 Η
425 4356 496 4423 (och
516 4358 634 4408 desertis
646 4364 705 4407 ante
723 4372 792 4406 corr.
808 4356 828 4404 ⁶
847 4354 983 4416 (dissertis
1001 4355 1041 4412 LI,
1060 4370 1107 4405 om.
1119 4353 1149 4402 cli
1162 4369 1214 4402 cum
1226 4352 1309 4402 verbis
1327 4356 1355 4401 et
1373 4351 1407 4399 ab
1426 4351 1522 4403 ins.-

383 4440 572 4508 spatiosiora).
588 4437 600 4507 ΙΙ
616 4443 650 4490 14
662 4442 812 4491 conventos
831 4440 867 4491 H.
888 4434 901 4504 ΙΙ
925 4438 1103 4502 excipiundos
1123 4437 1174 4486 GH
1191 4435 1233 4496 (L,
1253 4433 1370 4484 —endos
1389 4432 1430 4495 lo).
1453 4430 1466 4498 ll
1489 4434 1521 4482 15

384 4527 519 4594 gerundo:
543 4528 581 4577 sic
604 4525 662 4575 GH.
685 4520 698 4590 ll
720 4524 753 4572 16
772 4522 917 4573 faciunda:
935 4524 973 4571 sic
993 4522 1050 4573 GH.
1067 4518 1079 4587 [Ι
1095 4521 1128 4569 18
1145 4518 1332 4569 bibliothecae
1347 4557 1353 4569 .
1368 4553 1393 4566 ..
1412 4531 1521 4580 compa-

384 4616 464 4662 ratas
482 4610 573 4663 Soka:
598 4605 811 4672 biblio(byblio-
828 4607 869 4669 H,
889 4605 1000 4667 biblyo-
1017 4603 1149 4667 lotthecas
1239 4604 1406 4666 conparatas
1430 4601 1488 4653 GH.
1508 4597 1520 4665 ll

332 4740 338 4748 .
384 4694 587 4762 pinacothecae
606 4692 699 4759 (-cas
714 4692 756 4755 G):
776 4708 823 4744 om.
841 4692 871 4742 H
888 4688 968 4754 (blo).

419 4793 535 4835 vrrsuv.
553 4792 588 4830 aa
607 4790 721 4829 sscmr.
1281 4766 1321 4834 10
