3984 5825
752 677 798 723 nn
821 677 1089 725 Ancarrecruns
1113 679 1182 725 nm.
1205 685 1240 726 x.
1502 663 1565 728 279

420 830 542 918 pedali,
560 839 727 894 contractu
742 853 762 893 a
777 833 885 918 capite
900 832 935 894 in
950 830 1123 895 latitudine
1139 830 1243 917 pedis,
1259 832 1478 896 crassitudine
1488 849 1563 900 ετ.

354 934 359 943 ’
383 950 400 997 6
420 936 449 998 is
472 942 582 997 autem
603 934 689 996 aries
712 932 869 996 habuerat
892 931 933 994 de
955 932 1041 998 ferro
1065 932 1146 998 duro
1167 943 1309 998 rostrum
1330 935 1376 997 ita
1397 936 1447 998 uti
1462 956 1563 998 naves

420 1035 537 1119 longae
560 1033 665 1098 solent
688 1033 818 1116 habere,
842 1042 874 1097 et
897 1054 939 1096 ex
960 1035 1032 1120 ipso
1055 1044 1159 1099 rostro
1182 1033 1355 1098 lamminae
1370 1035 1493 1098 ferreae
1510 1054 1564 1098 1111

421 1136 553 1200 circiter
574 1135 693 1222 pedum
716 1152 764 1198 xv
785 1135 871 1198 fixae
892 1135 1021 1199 fuerant
1043 1136 1078 1198 in
1100 1137 1244 1200 materia.
1286 1159 1306 1200 a
1328 1139 1434 1224 capite
1454 1146 1563 1202 autem

420 1238 463 1301 ad
489 1238 589 1301 imam
617 1236 739 1300 calcem
765 1238 849 1321 tigni
876 1238 1020 1301 contenti
1048 1237 1178 1302 fuerunt
1206 1237 1299 1302 funes
1322 1257 1377 1302 1111
1408 1242 1596 1308 crassituo

420 1338 498 1402 dinc
521 1338 699 1423 digitorum
714 1356 789 1421 vm,
813 1340 859 1402 ita
881 1337 1012 1423 religati
1035 1338 1307 1425 quemadmodum
1329 1342 1407 1405 navi
1427 1341 1563 1427 apuppi

419 1440 463 1503 ad
485 1463 614 1526 proram
642 1441 861 1521 continenter,
890 1441 985 1526 eique
1013 1440 1107 1504 funes
1129 1442 1354 1527 praecinctura
1375 1452 1563 1508 transversa

419 1552 512 1606 erant
539 1541 634 1626 ligati
662 1541 802 1606 habente
828 1542 914 1605 iuter
942 1564 977 1605 se
1005 1540 1236 1628 palmipedalia
1270 1545 1385 1628 spatia.
1429 1545 1563 1630 insuper

419 1645 515 1708 coriis
545 1642 654 1722 crudis
687 1653 775 1708 totus
802 1643 885 1706 aries
914 1652 983 1706 erat
1011 1643 1188 1708 involutus.
1238 1665 1280 1706 ex
1307 1645 1425 1730 quibus
1453 1656 1563 1710 autem

417 1745 552 1809 funibus
574 1744 748 1832 pendebat,
773 1767 884 1809 eorum
907 1745 1014 1831 capita
1036 1744 1168 1809 fuerunt
1191 1766 1234 1808 ex
1256 1745 1343 1810 ferro
1363 1745 1469 1810 factae
1485 1769 1561 1834 qua·
1581 1769 1613 1818 10

382 1865 398 1912 7
417 1847 581 1934 druplices
605 1856 749 1929 catenae,
774 1856 805 1910 et
827 1848 917 1932 ipsae
933 1848 1031 1911 coriis
1047 1846 1157 1911 crudis
1175 1855 1266 1910 erant
1281 1847 1459 1913 involutae.
1481 1850 1561 1912 item

416 1948 576 2013 habuerat
598 1950 783 2034 proiectura
805 1948 873 2011 eius
891 1940 1068 2012 extabulis
1091 1969 1200 2010 arcam
1222 1958 1423 2035 compactam
1439 1959 1470 2013 et
1486 1972 1560 2015 con-

415 2051 528 2134 fixam,
540 2051 575 2114 in
590 2072 654 2137 qua
665 2052 776 2133 <rete>
786 2048 979 2112 rudentibus
991 2048 1169 2114 maioribus
1186 2051 1339 2134 extentis,
1354 2073 1412 2138 per
1424 2073 1561 2138 quorum

415 2155 610 2241 asperitates
621 2173 686 2215 non
697 2150 882 2215 labentibus
896 2149 1034 2238 pedibus
1046 2150 1186 2215 faciliter
1200 2151 1243 2215 ad
1253 2174 1380 2216 murum
1392 2154 1560 2240 pervenie-

414 2255 522 2318 batur.
566 2263 664 2340 atque
686 2274 724 2316 ea
746 2253 896 2317 machina
918 2274 979 2317 sex
994 2253 1105 2318 modis
1134 2254 1327 2318 movebatur
1334 2303 1342 2336 ,
1373 2277 1611 2341 progressura

414 2358 494 2419 item
517 2354 618 2420 latere
640 2356 758 2419 dextra
779 2364 812 2418 et
834 2355 979 2436 sinistra,
1002 2357 1206 2442 porrectione
1228 2378 1294 2420 non
1315 2356 1423 2421 minus
1438 2358 1473 2420 in
1487 2356 1560 2421 alti·-

413 2457 563 2521 tudinem
586 2456 804 2521 extollebatur
832 2458 921 2520 etin
948 2456 1050 2519 imum
1078 2456 1288 2522 inclinatione
1316 2457 1559 2522 demittebatur.

415 2559 603 2643 erigebatur
635 2569 742 2624 autem
774 2558 925 2623 machina
957 2559 990 2621 in
1023 2558 1231 2622 altitudinem
1264 2558 1307 2622 ad
1341 2558 1560 2626 disiciendum

414 2683 544 2725 murum
576 2661 706 2724 circiter
733 2660 833 2746 pedes
861 2677 897 2743 c,
931 2661 1011 2724 item
1037 2682 1056 2723 a
1083 2659 1185 2724 latere
1218 2659 1335 2722 dextra
1362 2683 1401 2724 ac
1427 2664 1560 2725 sinistra

414 2762 634 2848 procurrendo
657 2761 920 2848 praestringebat
942 2784 1006 2826 non
1022 2762 1129 2826 minus
1150 2759 1249 2847 pedes
1265 2776 1295 2823 c.
1328 2761 1557 2844 gubernabant
1575 2784 1609 2832 ao

415 2885 486 2928 eam
508 2864 654 2929 homines
676 2879 695 2927 c
717 2862 891 2928 habentem
913 2864 1041 2951 pondus
1064 2861 1223 2927 talentum
1244 2870 1397 2949 quattuor
1418 2861 1556 2945 milium,

414 2967 502 3053 quod
524 2966 561 3031 fit
583 2956 770 3030 ccccnffi
787 2965 905 3053 pondo.

347 3086 399 3149 .vr)
498 3068 550 3131 De
572 3068 796 3154 scorpionibus
820 3077 852 3131 et
868 3066 1040 3153 catapultis
1057 3075 1089 3130 et
1105 3064 1246 3129 ballistis
1265 3067 1427 3151 etiamque
1449 3075 1550 3130 testu·
1570 3102 1650 3151 XXII

482 3294 496 3341 1
516 3290 608 3357 pedali
625 3304 653 3339 ’τε
676 3290 727 3341 GH
745 3289 772 3355 (l,
791 3289 877 3350 ³2:211).
900 3287 913 3356 11
936 3291 1083 3340 contractu
1102 3286 1159 3351 (stc)
1181 3289 1233 3339 GH
1250 3288 1418 3351 (contractus
1437 3289 1526 3353 Mor.)
1541 3288 1554 3356 11

412 3376 559 3427 latitudine
586 3377 656 3433 Joc,
686 3375 835 3425 altitudine
863 3376 922 3425 GH.
950 3371 962 3441 11
990 3390 1039 3437 pes
1061 3380 1078 3437 ξξ
1101 3374 1285 3424 crassitudine
1305 3373 1349 3426 .S.
1366 3376 1401 3435 Ύ
1423 3372 1471 3438 (sic
1493 3376 1555 3439 HL,

414 3462 491 3511 ,ΒΨ
514 3462 547 3519 G,
577 3460 658 3514 ,Sw
680 3460 698 3522 l)
721 3460 744 3509 is
773 3461 830 3510 GH.
860 3456 872 3524 11
900 3463 915 3509 3
942 3464 1031 3508 rustro
1053 3460 1089 3509 H.
1117 3455 1129 3523 11
1156 3458 1303 3509 lamminae
1333 3457 1412 3525 (-np
1442 3459 1474 3524 G)
1506 3461 1557 3509 GH

414 3544 493 3609 (Llc).
519 3540 533 3611 11
560 3546 576 3593 6
602 3544 669 3595 navi
695 3560 754 3608 epo:
783 3545 862 3594 navis
892 3544 950 3596 GH.
979 3541 991 3609 11
1019 3544 1098 3608 pupti
1124 3544 1153 3593 H
1168 3536 1215 3608 (et
1243 3551 1302 3593 ante
1329 3560 1398 3595 corr.
1426 3544 1471 3607 L).
1499 3540 1511 3610 11
1540 3547 1555 3593 7

413 3630 590 3680 continentur
609 3626 627 3691 (.
640 3626 671 3695 G)
686 3630 738 3692 eiq3
757 3629 838 3678 funes
851 3628 1062 3693 praecincturae
1077 3625 1247 3695 (instinctum
1261 3627 1292 3692 G)
1307 3630 1473 3680 transversis
1493 3630 1556 3692 (cum

412 3716 421 3763 i
440 3716 467 3764 in
483 3730 536 3764 ras.
556 3714 586 3776 G,
602 3714 667 3776 sort.
684 3729 735 3777 pro
754 3729 779 3775 a,
798 3712 889 3777 —sas)
914 3716 993 3762 erant
1010 3712 1121 3777 religati
1145 3712 1184 3775 (H
1201 3730 1254 3763 cam
1273 3713 1332 3771 Llc,
1355 3714 1437 3779 ligati
1456 3713 1488 3774 G)
1507 3714 1558 3762 ha*

411 3798 508 3848 benten
522 3798 572 3848 GH
585 3797 770 3860 (continenter
789 3832 836 3850 ...
855 3797 1050 3862 praecinctura
1068 3800 1228 3848 transversa
1247 3834 1294 3851 ...
1315 3798 1435 3847 habente
1454 3797 1519 3861 epo).
1540 3794 1552 3860 ),³

412 3887 428 3933 8
447 3882 532 3947 palmi
549 3881 674 3947 pedalia:
692 3883 730 3930 sic
749 3877 869 3947 611119
888 3884 961 3931 totus
980 3882 1053 3931 aries
1067 3907 1098 3915 —
1113 3877 1167 3944 (ll)
1187 3881 1278 3930 crudis
1296 3897 1343 3932 om.
1362 3884 1392 3931 lc.
1410 3877 1421 3945 ))
1440 3883 1470 3930 lo
1487 3897 1553 3944 pen·

412 3968 497 4017 debat
515 3967 600 4016 Man:
625 3966 725 4015 -bant
744 3961 803 4016 GH.
826 3962 840 4032 11
862 3967 892 4015 11
918 3970 998 4016 erant
1017 3965 1131 4016 coccea:
1157 3970 1218 4015 erat
1241 3966 1291 4016 GH
1314 3964 1380 4026 (LI).
1404 3961 1416 4030 11
1439 3967 1469 4013 12
1495 3980 1554 4029 pro-

410 4052 520 4102 iectura
538 4053 579 4103 ed.
598 4047 687 4112 (rec.):
706 4053 865 4114 protectura
885 4050 943 4103 GH.
968 4046 980 4116 11
1004 4052 1036 4101 13
1052 4050 1138 4113 inqua
1156 4045 1334 4110 rudenltihus
1354 4049 1404 4098 GH
1422 4045 1553 4112 (δίκτυον

411 4137 502 4185 addidi
519 4151 554 4185 ear
573 4133 686 4199 Athea).
709 4131 720 4200 11
741 4150 853 4200 qnorum
876 4134 964 4187 Sela:
994 4150 1109 4199 quarum
1134 4134 1191 4184 GH.
1206 4130 1228 4199 11
1252 4135 1284 4181 14
1301 4132 1460 4182 labentibus
1481 4134 1552 4187 doc:

410 4219 578 4269 habentibus
593 4219 651 4273 GH.
667 4215 679 4285 11
698 4222 729 4269 15
747 4234 894 4285 progressu
905 4221 960 4271 ed:
979 4234 1125 4285 progresso
1145 4219 1202 4269 GH.
1226 4214 1237 4282 11
1261 4218 1292 4266 16
1312 4217 1484 4281 porrectione

411 4302 595 4353 extollebatur
614 4341 658 4355 ...
679 4304 724 4353 de·
743 4305 904 4354 mittebatur
915 4305 986 4355 Jon:
1006 4302 1193 4368 porrectiones
1213 4336 1258 4354 ...
1280 4301 1484 4351 extollebantur
1504 4336 1551 4353 ...
1568 4359 1571 4365 .

410 4386 486 4451 di(de
501 4386 545 4451 Ga)
558 4387 741 4437 mittebantur
760 4389 818 4442 GH.
835 4385 847 4453 11
864 4390 895 4437 18
913 4385 1080 4437 dissiciendr'r
1096 4384 1238 4449 (-tiend1'1
1256 4393 1314 4435 onte
1333 4400 1401 4435 corr.
1417 4384 1447 4445 G)
1464 4385 1521 4434 GH.
1537 4381 1550 4446 11

412 4475 443 4523 19
461 4472 588 4538 pedese:
607 4474 728 4538 p.c.G,
747 4473 875 4523 P.C.H
894 4471 1036 4539 (palat,
1056 4469 1195 4535 p.c.clr).
1210 4465 1222 4534 11
1241 4469 1358 4518 alatere
1371 4469 1443 4519 Joc:
1463 4467 1551 4517 altera

412 4557 462 4606 GH
485 4557 535 4619 (L,
556 4558 684 4607 abaltera
706 4556 749 4621 lc).
778 4554 790 4623 11
817 4561 850 4609 20
872 4555 1058 4623 procurrentia
1081 4554 1110 4604 G.
1138 4549 1149 4619 11
1178 4552 1477 4621 praethbtringebat
1502 4553 1553 4602 GH

410 4641 632 4707 (praestingebat
642 4640 709 4704 Llc).
729 4638 741 4707 11
766 4658 816 4704 pc.
839 4644 868 4705 G,
887 4642 909 4689 P
920 4641 956 4689 ,Ο
968 4640 1016 4690 ,Η
1020 4630 1022 4633 ’
1031 4636 1059 4705 (p
1072 4679 1078 4692 .
1090 4653 1105 4690 c
1116 4674 1122 4688 .
1133 4638 1195 4696 ch,
1214 4647 1250 4703 p.
1265 4637 1336 4701 c.l).
1361 4633 1373 4703 11
1395 4638 1427 4686 21
1446 4636 1551 4702 pondos

411 4727 438 4775 H
462 4724 517 4791 (L).
541 4723 553 4793 11
582 4729 613 4775 ‘22
636 4725 727 4793 pondo
753 4726 803 4778 GH
822 4722 864 4790 (L,
883 4724 972 4788 ponde
990 4726 1036 4785 Ic).
