3984 5825
696 660 743 707 na
765 659 1033 710 sscurrncruan
1056 664 1125 711 nm.
1149 665 1185 714 11.
1468 650 1508 715 41

364 813 533 879 fluviatica
556 834 633 876 vero
656 823 788 901 propter
808 817 1012 880 macritatem
1034 816 1159 881 inutilis
1183 818 1313 903 signino
1335 819 1389 883 vel
1411 819 1510 885 bacu-

366 915 472 980 lorum
497 914 744 980 subactionibus
767 917 800 980 in
823 918 958 982 tectorio
980 919 1098 1005 recipit
1121 918 1331 986 soliditatem.

333 1016 366 1088 1¹
452 1016 504 1080 De
525 1016 666 1081 harenae
688 1019 790 1104 copiis
813 1039 886 1084 cum
908 1019 1067 1084 habeatur
1089 1020 1298 1107 explicatum,
1322 1032 1391 1086 tum
1413 1024 1510 1087 etiam
1528 1045 1552 1094 v

367 1119 409 1182 de
425 1118 513 1182 ealce
535 1117 707 1203 diligentia
729 1128 779 1182 est
800 1119 988 1187 adhibenda
1010 1123 1058 1186 uti
1081 1121 1122 1184 de
1143 1120 1218 1187 albo
1241 1145 1319 1188 saxo
1341 1135 1398 1189 aut
1420 1123 1511 1189 silice

367 1230 534 1307 coquatur.
585 1229 617 1283 ot
644 1241 726 1306 quae
754 1221 816 1285 erit
844 1242 886 1284 ex
913 1222 1021 1309 spisso
1049 1232 1081 1286 et
1103 1222 1250 1308 duriore,
1283 1226 1344 1290 orit
1365 1223 1455 1289 utilis
1478 1226 1546 1288 ina

368 1331 548 1405 structura,
571 1343 654 1408 quae
675 1332 784 1386 autern
807 1345 849 1386 ex
871 1322 1034 1405 fistuloso,
1058 1324 1092 1388 in
1114 1326 1271 1391 tectoriis.
1295 1348 1367 1390 oum
1391 1348 1428 1390 ea
1451 1329 1513 1390 crit

369 1423 529 1504 extincta,
552 1433 631 1488 tunc
653 1425 788 1488 materia
809 1425 856 1488 ita
878 1424 1053 1490 misceatur
1074 1436 1110 1490 ut
1132 1427 1161 1490 si
1184 1429 1246 1492 erit
1268 1426 1416 1508 fossicia,
1446 1439 1511 1493 tres

367 1525 508 1589 harenae
538 1535 570 1589 et
592 1546 657 1589 una
679 1524 777 1589 caleis
806 1524 1036 1609 infundantur,
1070 1528 1098 1591 si
1125 1539 1234 1593 autem
1261 1528 1429 1592 fluviatica
1456 1539 1512 1594 aut
1540 1560 1548 1569 ·

367 1626 493 1689 marina
515 1624 580 1690 duo
602 1625 741 1689 harenae
765 1637 796 1691 et
818 1649 883 1691 una
911 1625 1009 1692 calcis
1038 1630 1226 1694 coiciantur.
1271 1630 1317 1693 ita
1340 1630 1427 1693 enirn
1449 1633 1512 1695 orit

367 1730 455 1792 iusta
482 1728 565 1792 ratio
593 1728 763 1792 mixtionis
794 1738 1042 1815 temperaturae.
1093 1731 1190 1793 etiarn
1212 1731 1254 1795 in·
1268 1730 1434 1796 fluviatica
1456 1742 1512 1797 aut
1532 1745 1563 1793 10

367 1829 494 1893 marina
521 1829 550 1892 si
578 1829 634 1914 qui
662 1837 780 1893 testam
806 1839 937 1893 tunsam
964 1840 995 1894 et
1023 1842 1202 1895 succretam
1232 1852 1274 1894 ox
1301 1832 1398 1896 tertia
1420 1844 1512 1919 parte

367 1929 536 2012 adiecerit,
560 1928 680 1993 efficiet
702 1932 857 1995 materiae
879 1940 1132 2018 temperaturam
1154 1931 1195 1995 ad
1218 1955 1312 1997 usum
1334 1933 1510 1998 moliorem.

332 2050 466 2119 aquare
493 2040 602 2095 autem
630 2052 703 2094 curn
731 2033 849 2118 recipit
870 2055 988 2118 aquam
1011 2043 1043 2097 et
1065 2033 1218 2097 harenam
1241 2034 1315 2099 calx
1337 2045 1415 2099 tunc
1437 2057 1511 2099 eon·

365 2133 474 2197 firmat
488 2142 700 2215 structuram,
723 2133 804 2197 haec
826 2156 897 2197 esse
919 2156 1017 2198 caiisa
1039 2135 1170 2200 videtur
1192 2135 1278 2222 quod
1301 2159 1318 2201 e
1341 2137 1511 2223 principiis

366 2236 414 2299 uti
435 2243 544 2298 cetera
565 2255 700 2321 corpora
721 2236 768 2299 ita
791 2245 823 2298 et
845 2258 925 2300 saxa
947 2247 1023 2302 sunt
1045 2246 1234 2324 temperata.
1279 2248 1311 2302 et
1333 2238 1416 2323 quae
1438 2237 1511 2324 plus
1532 2252 1562 2300 15

366 2335 489 2400 habent
511 2336 594 2398 aeris
618 2346 693 2400 sunt
716 2346 843 2420 tenera,
874 2359 956 2424 quae
983 2360 1086 2424 aquae
1111 2339 1199 2403 lenta
1221 2339 1361 2404 suntab
1389 2361 1510 2422 umore,

366 2460 448 2524 quac
470 2446 577 2500 terrae
600 2435 696 2521 dura,
723 2460 804 2524 quac
826 2438 912 2523 ignis
936 2438 1114 2524 fragiliora.
1159 2442 1269 2527 itaquo
1292 2463 1335 2504 cx
1356 2441 1407 2505 his
1431 2464 1512 2506 saxa

366 2542 395 2604 si
421 2549 596 2625 antequam
624 2550 819 2624 coquantur,
854 2550 988 2604 contusa
1023 2541 1146 2606 minute
1175 2543 1280 2607 mixta
1310 2543 1450 2607 harenae
1477 2544 1510 2606 in

366 2650 564 2706 stmcturani
596 2639 791 2722 coiciantur,
830 2663 895 2705 non
928 2641 1129 2707 solidescunt
1160 2665 1221 2708 nec
1254 2665 1324 2708 eam
1357 2654 1512 2730 poterunt

366 2742 543 2807 continere.
593 2762 666 2804 curn
694 2763 772 2805 voro
802 2743 948 2808 coniecta
975 2745 1009 2807 in
1030 2744 1195 2808 fornacem
1217 2746 1304 2829 ignis
1326 2744 1562 2809 vehementiae

365 2844 496 2907 fervore
511 2853 658 2931 correpta
673 2843 841 2908 arniserint
863 2845 1020 2932 pristinae
1043 2846 1216 2910 soliditatis
1239 2849 1410 2929 virtutem,
1434 2858 1512 2913 tunc

366 2948 492 3011 exustis
525 2955 622 3033 atque
649 2944 816 3011 exhaustis
850 2969 960 3011 eorum
989 2948 1115 3012 viribus
1143 2947 1370 3034 relinquuntur
1398 2958 1509 3034 paten-

366 3047 454 3112 tibus
484 3045 698 3112 foraminibus
727 3058 759 3112 ct
787 3049 949 3113 inanibus.
1000 3071 1076 3134 ergo
1105 3047 1210 3135 liquor
1233 3049 1289 3135 qui
1312 3049 1417 3112 estin
1441 3050 1509 3113 cius

366 3148 486 3235 lapidis
503 3170 637 3236 corpore
652 3159 684 3213 et
698 3170 754 3212 aer
769 3171 842 3213 cum
858 3161 993 3215 exustus
1011 3161 1044 3215 et
1059 3161 1189 3237 ereptus
1213 3149 1320 3232 fucrit,
1345 3148 1508 3214 habuerit-

367 3272 428 3336 que
460 3251 494 3313 in
528 3272 563 3313 se
594 3250 761 3316 residuum
789 3249 929 3316 calorem
957 3250 1130 3334 latentem,
1165 3254 1322 3316 intinctus
1351 3251 1385 3314 in
1414 3273 1508 3337 aqua,
1527 3272 1560 3317 aa

366 3351 554 3438 priusquam
583 3372 621 3415 ea
650 3352 736 3435 ignis
766 3352 833 3415 vim
860 3353 993 3440 recipit,
1022 3376 1134 3419 umore
1156 3362 1346 3440 penetrante
1368 3354 1402 3418 in
1425 3351 1509 3416 fora·

366 3453 490 3516 minum
524 3456 672 3518 raritates
705 3452 921 3519 confervescit
954 3465 986 3519 ct
1019 3457 1065 3519 ita
1096 3455 1307 3540 refrigeratus
1341 3456 1435 3519 reicit
1468 3477 1510 3518 ex

331 3576 348 3623 3
367 3553 464 3618 calcis
487 3576 621 3640 corpore
643 3553 815 3618 fervorem.
864 3556 938 3619 ideo
960 3567 1069 3620 autom
1092 3578 1154 3643 quo
1176 3556 1320 3642 pondero
1343 3579 1423 3620 saxa
1445 3558 1506 3620 coi-

366 3657 495 3719 ciuntur
527 3657 562 3718 in
594 3653 774 3739 fornacem,
811 3678 885 3719 cum
918 3658 1107 3722 eximuntur
1136 3680 1201 3722 non
1237 3669 1373 3745 possunt
1404 3657 1447 3721 ad
1474 3657 1509 3721 id

434 3932 446 3978 1
467 3930 683 3980 macricritatem
703 3931 733 3984 G.
757 3926 769 3996 [l
792 3929 897 3980 inutilis
915 3928 990 3992 (hor.
1010 3948 1046 3981 ere
1063 3931 1136 3996 epit.)
1156 3931 1265 3997 signino
1284 3932 1327 3983 vol
1347 3930 1509 3981 baculorum

368 4013 481 4077 (aaran
500 4014 543 4063 nti
560 4014 671 4078 signinis
692 4014 829 4064 liacolorir
843 4015 871 4063 II
889 4013 941 4077 (uti
959 4016 1130 4097 signiuUlia
1149 4016 1243 4066 eoloris
1264 4017 1294 4075 L,
1314 4030 1366 4064 us
1395 4014 1507 4064 ilacolo·

367 4129 422 4163 rum
440 4114 478 4170 ch,
498 4127 524 4163 n.
543 4129 565 4166 s.
584 4114 712 4181 laicolop
723 4113 752 4178 1),
771 4116 814 4164 nti
832 4116 943 4180 signino
961 4116 974 4164 l
992 4116 1118 4168 raculori'r
1143 4117 1170 4180 (i.
1190 4133 1211 4167 e.
1231 4115 1275 4166 vol
1294 4114 1455 4180 iaculorum)
1477 4116 1506 4168 G.

366 4198 515 4248 iaculorum
533 4200 583 4248 iam
600 4201 662 4263 Iepit
678 4201 837 4264 epitomator.
856 4198 868 4266 ll
884 4202 1122 4252 2subaotionibus
1136 4203 1163 4251 H
1182 4200 1263 4264 (Llch
1284 4199 1462 4249 subactiones
1477 4201 1506 4253 G.

367 4278 437 4346 (bae.
450 4298 471 4332 s.
485 4284 518 4345 ef.
537 4282 602 4342 VII,
618 4287 643 4341 3,
658 4286 700 4335 Ii.
711 4302 732 4336 e.
746 4286 873 4335 vectibus
886 4286 987 4352 ligneis
1004 4287 1088 4348 VIII,
1100 4290 1114 4337 'l
1126 4285 1215 4348 extu).
1232 4280 1243 4348 ll
1260 4282 1447 4333 ainfundatur
1460 4320 1483 4333 ..
1499 4325 1505 4337 ,

367 4367 503 4417 coiciatur
514 4368 564 4417 (III
577 4367 704 4429 (-antur
721 4370 795 4432 reu).
819 4367 831 4435 ΙΙ
854 4370 985 4436 9harenq
999 4387 1055 4421 una
1074 4373 1131 4433 (om.
1147 4369 1184 4429 ot)
1206 4369 1264 4416 (III.
1288 4363 1299 4433 ll
1325 4370 1354 4415 11
1366 4368 1451 4432 siqui:
1470 4370 1507 4418 sic

367 4451 423 4502 GII.
445 4448 458 4517 ll
483 4452 513 4500 17
533 4451 601 4500 dura
621 4451 714 4517 G(L):
734 4452 819 4505 durae
838 4456 865 4503 II
885 4454 959 4517 (-re
977 4459 993 4515 1,
1012 4472 1075 4521 —rq
1094 4454 1143 4517 ch).
1167 4450 1178 4517 ΙΙ
1204 4455 1234 4501 18
1253 4453 1450 4501 instructuram
1472 4454 1506 4502 G:

366 4533 392 4583 in
411 4535 607 4586 instructuram
628 4537 655 4585 Il
674 4534 785 4603 (Llc)..{l
807 4540 840 4587 26
859 4554 892 4588 ea
910 4536 957 4600 (sc.
977 4537 1061 4603 aqua)
1080 4538 1152 4602 ignis
1171 4539 1225 4585 vim
1245 4552 1303 4598 epo:
1325 4551 1357 4585 ex
1376 4537 1434 4600 igni
1452 4538 1506 4588 vim

367 4618 393 4667 H
410 4618 489 4683 (Lo),
514 4636 548 4669 ex
571 4621 648 4686 sgnsii
669 4621 698 4671 G.
721 4616 733 4687 Ι]
756 4623 788 4672 27
807 4623 1004 4688 refrigeratus:
1029 4622 1192 4686 ferrigratus
1211 4628 1269 4670 arete
1288 4635 1357 4675 corr.
1378 4619 1505 4684 (frigera-

368 4701 420 4766 ωε)
440 4704 471 4754 G.
