3984 5825
441 682 497 746 124
924 689 1083 735 vrrauvrr

436 850 570 927 «tantur,
599 867 662 908 uon
686 853 763 929 puto
786 842 923 905 dubium
945 864 1016 904 esse
1043 841 1123 927 quin
1145 841 1363 928 amplissimas
1387 853 1419 905 et
1441 845 1579 906 ornatis·
1665 911 1668 914 ,

435 953 534 1015 simas
557 947 618 1009 sub
641 944 698 1009 diu
716 943 980 1030 hypaethrasque
996 941 1158 1006 conlocari
1173 952 1320 1028 oporteat
1335 945 1368 1007 in
1385 945 1578 1008 civitatibus
1649 1033 1651 1036 Ι

435 1049 685 1117 stabulationes.
730 1068 787 1109 eae
809 1056 917 1109 autem
940 1047 988 1109 uti
1011 1046 1078 1107 sint
1105 1065 1232 1129 semper
1260 1045 1365 1108 siccae
1388 1055 1420 1109 et
1442 1068 1507 1109 non
1530 1045 1613 1108 lii-7

437 1164 542 1232 tosac,
570 1151 618 1213 sic
645 1149 707 1211 crit
734 1145 929 1211 laciendum.
973 1145 1141 1210 fodiantur
1168 1155 1200 1208 et
1228 1147 1458 1210 exinaniantur
1481 1171 1579 1234 quam

403 1253 605 1319 taltissime.
650 1249 768 1313 dextra
795 1259 895 1334 atque
922 1249 1055 1311 sinistra
1083 1246 1247 1310 structiles
1276 1248 1405 1312 cloacae
1427 1249 1508 1313 fiant
1530 1251 1577 1312 in-

436 1378 500 1443 que
533 1375 645 1417 earum
677 1351 856 1438 parietibus
893 1350 950 1435 qui
980 1349 1023 1411 ad
1056 1347 1310 1412 ambulationem
1346 1353 1578 1437 spectaverint,

437 1455 543 1522 tubuli
566 1457 769 1519 instruantur
790 1451 938 1516 inclinati
960 1452 1093 1535 fastigio
1116 1452 1151 1513 in
1172 1450 1307 1514 cloacas.
1351 1452 1400 1515 his
1424 1454 1578 1539 perfectis

436 1557 661 1645 compleantur
690 1577 730 1618 ea
758 1554 829 1618 loca
855 1553 1068 1635 carbonibus,
1106 1551 1227 1616 deinde
1261 1555 1394 1639 insuper
1422 1553 1578 1617 sabulone

437 1683 494 1724 eae
527 1657 764 1722 ambulationes
796 1662 983 1719 sternantur
1015 1664 1047 1718 et
1080 1664 1311 1740 exaequentur.
1367 1657 1413 1718 ita
1446 1665 1579 1741 propter

388 1775 419 1824 ιθ
437 1761 616 1827 carbonum
643 1761 810 1823 raritatem
837 1754 1019 1819 naturalem
1048 1764 1080 1819 et
1107 1756 1295 1821 tubulorum
1322 1758 1357 1819 in
1379 1755 1505 1820 cloacas
1529 1759 1578 1819 in-

436 1865 648 1929 structionem
669 1860 874 1946 excipientur
900 1879 1056 1942 aquarum
1085 1857 1320 1940 abundantiae,
1349 1867 1381 1921 et
1403 1860 1451 1922 ita
1472 1859 1579 1922 siccae

436 1978 469 2031 ct
491 1968 562 2031 sine
584 1984 694 2029 umore
716 1962 879 2048 perfectae
901 1958 1023 2022 fuerint
1044 1956 1292 2025 ambulationes.

521 2068 693 2140 Praeterea
719 2064 754 2125 in
780 2060 832 2124 his
860 2060 1013 2145 operibus
1042 2061 1188 2126 thesauri
1221 2071 1297 2125 sunt
1323 2061 1515 2125 civitatibus
1543 2062 1613 2125 ina

438 2168 628 2234 necessariis
655 2162 751 2226 rebus
778 2183 798 2223 a
819 2161 997 2225 maioribus
1026 2165 1206 2227 constituti.
1251 2165 1285 2226 in
1312 2153 1577 2226 conclusionibus

389 2285 420 2333 15
438 2273 524 2335 cuim
545 2266 663 2351 reliqui
685 2283 795 2326 omnes
817 2261 981 2326 faciliores
1004 2272 1079 2328 sunt
1093 2274 1269 2351 apparatus
1290 2263 1576 2352 quamlignorum.

436 2371 485 2437 sal
507 2370 592 2431 enim
614 2364 710 2428 facile
733 2373 808 2426 ante
829 2364 1029 2450 inportatur,
1059 2366 1221 2430 frumenta
1248 2366 1378 2454 publice
1405 2368 1576 2453 privatim-

436 2493 499 2558 que
522 2467 707 2554 expeditius
736 2474 955 2549 congeruntur
977 2475 1010 2529 et
1032 2468 1060 2531 si
1083 2466 1177 2551 defit,
1206 2467 1372 2532 holeribus
1400 2490 1496 2531 carne
1519 2490 1577 2532 seu

435 2567 655 2657 leguminibus
677 2565 876 2648 defenditur,
899 2589 1003 2654 aquae
1024 2568 1160 2633 fossuris
1184 2578 1355 2656 puteorum
1377 2579 1410 2633 et
1430 2569 1471 2632 de
1487 2568 1577 2633 caelo

434 2670 610 2758 repentinis
645 2669 893 2753 tempestatibus
922 2692 964 2732 ex
991 2669 1111 2754 tegulis
1139 2673 1358 2758 excipiuntur.
1402 2672 1444 2735 de
1471 2670 1575 2756 ligna-

385 2787 417 2834 20
434 2777 522 2839 tione
544 2791 627 2857 quae
648 2771 791 2833 maxime
813 2767 997 2834 neccssaria
1019 2782 1069 2835 est
1091 2772 1134 2835 ad
1149 2773 1259 2837 cibum
1274 2772 1487 2863 coquendum,
1511 2773 1574 2836 ‹lif-

434 2872 529 2940 fioilis
557 2880 589 2935 et
616 2860 751 2935 molesta
779 2881 829 2937 est
856 2875 1042 2960 apparatio,
1073 2873 1161 2961 quod
1184 2886 1217 2939 et
1239 2875 1333 2940 tarde
1356 2884 1576 2962 comportatur

434 2986 466 3040 et
487 2973 561 3060 plus
584 2976 795 3038 consumitur.
839 2977 873 3038 in
901 2976 1062 3040 eiusmodi
1088 2978 1288 3063 temporibus
1316 2989 1393 3040 tunc
1421 2999 1478 3040 eae
1506 2996 1609 3042 ama

433 3074 616 3142 bulationes
639 3076 828 3161 aperiuntur
850 3085 882 3140 et
904 3099 1075 3141 mensurae
1094 3079 1243 3142 tributim
1259 3078 1395 3163 singulis
1412 3079 1574 3164 capitibus

433 3178 656 3260 designantur.
693 3178 740 3239 ita
761 3177 843 3241 duas
864 3200 916 3242 res
940 3181 1090 3264 egregias
1113 3178 1314 3267 hypaethroe
1336 3179 1574 3245 ambulationes

339 3288 342 3294 '
383 3289 415 3339 25
432 3286 610 3367 praestant,
633 3300 731 3341 unam
752 3280 787 3341 in
807 3302 887 3365 pace
908 3280 1121 3363 salubritatis,
1145 3280 1281 3345 alteram
1295 3284 1330 3345 in
1345 3279 1431 3345 bello
1446 3280 1573 3345 salutis.

433 3402 510 3465 ergo
548 3378 599 3442 his
635 3380 815 3445 rationibus
856 3381 1115 3448 ambulationum
1152 3383 1385 3471 explicationes
1420 3406 1485 3446 non
1524 3406 1573 3448 so-

432 3482 501 3545 lum
522 3490 597 3568 post
619 3502 768 3546 scaenam
790 3482 910 3546 theatri
932 3485 990 3547 sed
1013 3487 1111 3549 etiam
1127 3488 1270 3549 omnium
1290 3484 1425 3548 deorum
1440 3484 1571 3571 templis

432 3583 566 3647 effectae
587 3605 721 3667 magnas
744 3584 933 3649 civitatibus
957 3596 1122 3672 praestare
1144 3597 1297 3673 poterunt
1318 3585 1487 3652 utilitates.

517 3683 680 3764 Quoniam
702 3684 783 3747 haec
803 3685 897 3749 nobis
921 3689 1000 3751 satis
1023 3688 1178 3752 videntur
1201 3711 1270 3751 esse
1293 3688 1457 3773 exposita,
1486 3710 1574 3751 nunc

389 3793 415 3844 X
432 3788 643 3873 insequentur
664 3785 867 3851 balinearum
889 3788 1140 3876 dispositionum
1162 3790 1463 3855 demonstrationes.
1508 3791 1574 3874 pri-

405 3913 411 3919 ,
500 3942 630 3993 2subdiu
651 3942 701 3993 GH
723 3941 787 4007 (let,
806 3944 855 3993 sub
875 3943 937 3994 divo
961 3944 1034 4005 Lb0).
1058 3941 1070 4011 ΙΙ
1094 3948 1178 3996 3eae
1203 3944 1246 4010 (ee
1266 3946 1295 4005 6,
1315 3962 1346 4011 ee
1367 3942 1411 4008 6⁶)
1432 3944 1484 4029 GH!
1508 3944 1573 4007 (hae

431 4047 469 4108 L,
487 4046 521 4111 he
539 4040 582 4109 lc).
605 4039 618 4109 ΙΙ
644 4035 735 4115 latoio
759 4045 800 4095 60.
823 4039 835 4109 ΙΙ
858 4047 975 4111 batque
995 4047 1047 4096 611
1068 4046 1116 4108 (L,
1145 4063 1177 4098 ac
1200 4046 1243 4110 te).
1271 4043 1283 4112 ΙΙ
1310 4046 1456 4096 'leloacas
1480 4045 1572 4096 Sota:

433 4129 535 4179 cloacis
555 4129 613 4180 GH.
633 4124 646 4194 ΙΙ
665 4132 681 4180 8
699 4128 831 4179 sabulone
855 4145 904 4179 eae
923 4132 955 4179 H
975 4129 1156 4192 (sabuloneae
1175 4132 1210 4190 L,
1230 4130 1425 4195 sabulo.nehe
1447 4131 1485 4179 sic
1508 4128 1572 4191 tela:

432 4214 565 4263 sabulone
588 4213 622 4278 he
648 4213 684 4275 G.x
702 4210 715 4278 ΙΙ
740 4215 776 4285 ,13
798 4213 941 4264 thensauri
965 4215 1018 4266 GH
1038 4213 1174 4279 (thesauri
1195 4215 1261 4279 Lle).
1287 4212 1300 4281 ΙΙ
1325 4215 1358 4264 14
1381 4230 1398 4263 a
1421 4213 1572 4264 maioribus

432 4316 471 4363 ed.
494 4310 582 4377 (rec.):
611 4314 748 4364 amoribus
771 4315 830 4366 GH.
853 4311 866 4379 ΙΙ
892 4317 922 4365 17
947 4304 1129 4381 congerentur
1147 4318 1196 4367 Hc.
1218 4313 1231 4381 ss
1254 4316 1284 4367 si·
1295 4315 1361 4365 defit
1381 4312 1446 4380 (fida
1465 4314 1573 4364 litante

431 4414 484 4447 ras.
504 4395 536 4461 6)
556 4399 607 4448 611
625 4396 677 4462 (LI,
696 4414 743 4450 om.
755 4399 786 4447 clt
803 4400 845 4448 ubi
860 4401 898 4448 rie
914 4402 1002 4451 mediis
1015 4403 1111 4452 omissis
1123 4403 1215 4467 leyttur
1229 4400 1413 4467 privatimque
1431 4400 1504 4449 suris
1523 4414 1571 4463 pu-

431 4483 560 4543 teorum):
580 4483 604 4532 si
622 4483 695 4533 desit
714 4483 755 4535 60.
778 4477 790 4549 ll
813 4486 844 4532 al
865 4489 1045 4549 conportatur
1064 4486 1116 4535 GH
1131 4485 1189 4548 (Li,
1208 4489 1375 4550 conparatus
1394 4488 1469 4533 tatur
1486 4483 1517 4533 ct
1536 4499 1571 4533 ea

431 4568 501 4645 dupl.
520 4564 598 4631 leet.)¹
622 4564 634 4631 ΙΙ
657 4569 688 4615 22
712 4583 762 4617 eae
785 4569 826 4616 H:
854 4568 907 4617 hae
932 4570 953 4619 6
976 4569 1055 4633 (Lle).
1079 4566 1091 4634 ΙΙ
1118 4571 1152 4618 24
1173 4569 1344 4634 hypaethrus
1368 4566 1570 4618 ambulationes

431 4651 488 4714 ed:
506 4650 623 4713 hypetra
641 4651 826 4701 ambulatione
845 4652 873 4708 6,
892 4651 1003 4717 hypdrra
1022 4652 1235 4703 ambulationem
1255 4655 1290 4703 H.
1312 4648 1323 4719 Η
1346 4656 1379 4704 30
1397 4652 1571 4701 balinearum

430 4733 467 4791 II,
486 4731 646 4784 balnearum
665 4735 687 4784 6
704 4733 784 4799 (Llc).
