3984 5825
511 676 573 739 {tw
693 678 738 725 uc.
763 668 923 721 mvuasis
945 660 1105 713 naamon
1128 655 1465 706 Akffllffimon'lcffl

390 850 443 889 m
472 846 498 885 m
599 831 838 913 (tainpoaitic
873 825 1079 885 maltorum.
1133 817 1245 877 ,llaltae
1278 817 1433 876 caldariae
1467 817 1570 894 picem
1607 816 1664 874 dn-

377 898 487 985 ''millii-¹.u
517 950 587 996 caui,
613 942 712 979 cerum
728 917 828 975 albam
845 910 950 989 aemuia
966 903 1162 985 ponderibus,
1186 912 1335 1000 stupeam,
1358 903 1437 980 picis
1458 901 1602 979 liquidae
1617 910 1664 999 to-

364 1040 391 1081 ..ι
417 1032 458 1073 mu
485 1032 498 1071 ι.
516 1014 574 1071 llam
600 1003 743 1085 μυιιιΙιϊίκ
767 1007 883 1079 partem
907 992 1076 1061 dimidiam,
1101 997 1208 1047 tectam
1236 996 1397 1057 mmutam,
1427 985 1535 1044 florem
1557 986 1663 1055 calcio,

418 1086 448 1125 '⁸'
517 1092 618 1155 ωιιιιιὶιι
642 1090 671 1148 iu
697 1108 757 1145 uuo
782 1080 920 1142 mixtaiu
943 1071 1245 1135 iuncturaalundito,
1279 1072 1351 1128 item
1373 1071 1664 1129 ammoniacnmre·

519 1178 654 1243 inlammi,
685 1173 771 1230 licum
795 1178 825 1226 ct
847 1174 987 1242 stuppam
1016 1168 1047 1218 et
1074 1158 1170 1236 picem
1192 1154 1339 1232 liquidam
1360 1155 1393 1213 in
1422 1154 1487 1232 pila
1509 1154 1612 1213 tunde
1635 1162 1701 1213 cto

520 1264 675 1326 iuncturae
697 1254 835 1313 oblinito.
870 1251 941 1308 item
957 1243 1176 1304 ammoniacum
1191 1248 1221 1297 et
1235 1239 1363 1317 sulphur
1376 1248 1541 1316 utrumque
1556 1239 1666 1297 remia-

520 1368 584 1408 aum
610 1342 715 1403 luicito
738 1340 803 1396 aive
827 1332 992 1394 iul'uudito.
1031 1330 1102 1386 item
1125 1327 1221 1404 picem
1244 1323 1358 1395 duram,
1383 1344 1484 1382 ceram
1507 1322 1614 1383 albam
1636 1332 1666 1380 et

521 1427 742 1491 aiiimmiiacum
773 1432 800 1481 et
831 1418 958 1497 sulphur
987 1414 1141 1471 nemineum
1169 1411 1200 1467 in
1230 1429 1336 1479 unum,
1371 1409 1530 1466 iuncturae
1558 1427 1668 1467 omnes

522 1516 610 1576 linito
636 1522 663 1569 et
688 1508 866 1569 cauterium.
902 1503 972 1560 item
988 1499 1091 1557 florem
1114 1494 1203 1554 calcis
1218 1513 1285 1551 cum
1300 1492 1367 1550 oleo
1383 1493 1519 1563 mixtum,
1543 1492 1668 1550 iunctu-

525 1622 572 1660 ma
594 1597 694 1657 linito.
741 1594 811 1651 ilcan
834 1590 920 1647 limuu
943 1594 973 1642 ct
1002 1584 1098 1661 picem
1121 1580 1226 1638 duram
1254 1585 1285 1635 et
1306 1585 1413 1635 testam
1437 1577 1530 1634 ostrei
1552 1577 1668 1635 siccam
1688 1586 1718 1635 10

525 1688 555 1745 iu
580 1702 673 1741 oucmi
696 1677 801 1747 tunde,
826 1674 979 1732 iuncturas
1001 1667 1099 1727 linito.
1136 1665 1208 1722 item
1229 1662 1410 1738 sanguinem
1424 1659 1512 1719 bovis
1535 1663 1667 1737 semige-

524 1772 619 1831 lnmm
648 1763 751 1845 umido
779 1780 846 1831 ccx,
870 1756 959 1817 calcia
988 1750 1096 1829 glebae
1118 1748 1150 1806 id
1172 1756 1217 1805 est
1239 1747 1326 1803 vivae
1349 1745 1452 1823 pondo
1473 1764 1550 1817 xxv,
1583 1754 1668 1821 stup-

526 1876 583 1936 pm·
607 1872 667 1931 cluo
691 1846 759 1929 {duc
783 1843 904 1904 clcdcria
927 1841 978 1898 liet
1001 1836 1114 1905 melius,
1137 1831 1329 1891 haecomnia
1351 1830 1383 1888 in
1405 1830 1469 1908 pila
1491 1829 1574 1888 bone
1597 1827 1668 1887 sub-

528 1942 592 2017 lgca
628 1947 656 1995 et
692 1932 803 1993 exinde
836 1930 900 1987 loca
935 1942 1013 2003 quac
1046 1917 1177 1977 volucris
1211 1914 1348 1993 induces.
1402 1916 1474 1973 item
1507 1914 1669 1991 pulverem

529 2023 731 2084 l‘utcmlauum
755 2026 803 2075 aut
836 2014 967 2071 ciucrcm
986 2006 1028 2089 'de
1051 2005 1134 2079 ligno
1158 2020 1317 2077 germano,
1342 1998 1374 2057 id
1397 2007 1442 2057 est
1464 1997 1574 2068 olivae,
1600 2018 1669 2056 oum
1688 2005 1717 2052 15

528 2111 625 2169 colata
650 2107 751 2171 iuiacc,
782 2111 809 2158 ct
839 2108 909 2155 autc
939 2103 1050 2166 stuppa
1073 2089 1103 2143 iu
1127 2086 1194 2161 pice
1217 2084 1313 2142 tincta
1342 2091 1534 2160 coagmenta,
1565 2082 1599 2140 id
1624 2090 1670 2140 est

530 2198 629 2263 cimas,
654 2188 785 2248 claudite
810 2192 837 2239 ct
860 2173 1089 2253 salwrinducitn
1112 2170 1229 2242 specie}
1250 2169 1481 2246 suprascriptae.
1526 2167 1671 2225 similiter

441 2252 446 2261 '
529 2282 584 2338 m·
608 2288 634 2333 οι
661 2277 690 2330 m
715 2269 797 2326 com
823 2260 940 2335 fagum
965 2255 1065 2310 acin.

613 2346 847 2426 <=„„,¹‚0„iein
870 2338 1065 2396 maltarum
1087 2333 1329 2409 frigidarum.
1363 2336 1550 2413 Sanguinem
1569 2333 1668 2392 bubu-

528 2449 597 2503 lum.
626 2439 724 2494 liorem
749 2426 847 2491 calcia,
872 2421 1000 2477 seoriam
1023 2419 1152 2475 ferream
1175 2419 1208 2474 in
1231 2420 1295 2495 pila
1318 2421 1415 2479 tunde
1438 2421 1476 2480 ad
1492 2419 1669 2478 crassitudi-
1687 2425 1719 2472 20

529 2544 596 2583 nem
621 2514 722 2579 cei-oli,
749 2510 904 2564 iuncturas
920 2504 1021 2561 linito.
1054 2504 1127 2560 item
1149 2522 1255 2559 sevum
1270 2505 1468 2582 liquefactum
1483 2525 1550 2562 eum
1566 2505 1670 2563 cinere

529 2602 682 2663 vrilwllnto
719 2592 796 2648 bene
831 2590 923 2647 saciet
958 2598 987 2646 et
1023 2586 1145 2644 claudet
1180 2588 1294 2664 frigida
1327 2610 1417 2667 aqua.
1471 2590 1543 2648 item
1577 2589 1670 2646 calcis

529 2692 616 2747 viena
640 2676 782 2745 modium,
807 2676 859 2751 qui
883 2674 1023 2752 protinus
1046 2672 1141 2728 minui
1165 2670 1256 2729 debet
1280 2688 1311 2730 et
1333 2675 1410 2732 mitti
1433 2694 1488 2751 per
1511 2673 1670 2731 eriballum

527 2782 556 2828 (ιι.
579 2762 660 2821 cerui
679 2770 709 2817 ct
725 2770 798 2816 tunc
815 2760 845 2815 in
863 2758 956 2836 pilam
972 2758 1059 2827 mitti,
1083 2757 1131 2813 cui
1147 2755 1263 2814 adicies
1279 2758 1339 2815 olei
1354 2758 1458 2836 pondo
1474 2778 1535 2829 sex,
1554 2756 1670 2815 deinde

526 2856 613 2932 mmm
641 2843 854 2900 canunomebis.
899 2841 980 2919 quod
1016 2861 1083 2898 cum
1114 2839 1167 2897 din
1195 2841 1319 2911 seceris,
1351 2863 1452 2900 rursus
1483 2841 1581 2899 addes
1610 2841 1670 2899 olei
1689 2845 1722 2892 ‘25

526 2929 688 2996 coclearium
713 2936 742 2983 et
766 2937 853 3003 spata
877 2929 984 2984 iterum
1006 2923 1219 2983 commovebis,
1268 2928 1359 2984 tertio
1382 2928 1440 2984 olei
1463 2927 1580 2985 adicies
1603 2946 1670 2984 sox-

527 3015 651 3081 taciom,
683 3031 718 3067 ea
742 3012 859 3067 ratione
887 3020 974 3086 spata
1004 3008 1218 3067 commovebis.
1255 3018 1327 3068 tunc
1348 3011 1400 3069 alii
1416 3013 1670 3077 iuveneasueca·

528 3099 603 3158 dam,
625 3115 692 3152 cum
717 3094 874 3171 pisonibus
890 3094 1002 3169 ligneis
1024 3103 1054 3150 ct
1078 3093 1108 3149 id
1125 3094 1260 3150 efficiant
1282 3095 1412 3172 pisando
1434 3105 1469 3152 ut
1491 3096 1672 3154 concalebat

529 3183 570 3242 lta
594 3188 626 3236 ut
648 3197 709 3234 non
734 3177 887 3234 ‹lissimilis
909 3179 948 3233 sit
965 3178 1083 3235 farinae
1099 3177 1254 3236 subactae.
1299 3179 1465 3256 quodcum
1486 3179 1568 3238 belle
1592 3180 1670 3238 eale-

528 3267 638 3324 l'aetum
661 3262 768 3331 fucrit,
799 3281 867 3318 eum
889 3261 987 3319 locum
1010 3281 1101 3337 quem
1122 3271 1267 3339 stagnare
1294 3264 1370 3321 velis
1399 3284 1576 3342 perungues
1598 3272 1670 3322 ante
1689 3267 1720 3315 30

526 3345 608 3416 «ilco,
640 3356 670 3403 ct
699 3344 799 3402 adhuc
827 3344 977 3403 calentem
1005 3346 1128 3404 maltam
1156 3345 1294 3404 induceS.
1337 3349 1410 3407 item
1438 3368 1544 3409 sevum
1573 3349 1671 3426 capri·

527 3448 597 3488 num
620 3439 650 3485 ct
678 3431 775 3505 picem
802 3429 951 3506 liquidam
978 3430 1068 3487 simul
1097 3432 1269 3488 contundes
1297 3440 1329 3489 et
1356 3433 1450 3491 facies
1478 3434 1518 3492 ad
1545 3433 1671 3494 modum

525 3513 618 3569 caerati
643 3513 737 3569 veluti
760 3514 897 3590 pastillos
927 3523 957 3571 et
978 3535 1034 3592 pro
1064 3515 1155 3573 modo
1179 3525 1429 3593 coagmentorum
1451 3516 1668 3596 conspissabia‚

595 3764 609 3811 1
629 3762 907 3813 maltorum.multac
925 3781 947 3820 a,
966 3765 1207 3815 multaru.1nalte
1224 3783 1251 3830 p.
1272 3762 1285 3831 ll
1308 3769 1410 3816 tuno:
1432 3768 1470 3816 sic
1491 3783 1533 3831 ap.
1556 3762 1570 3831 ss
1598 3767 1671 3816 oin-

526 3846 695 3912 pilat.undc
714 3865 739 3905 v,
763 3846 935 3912 inpilatunde
949 3865 978 3912 p.
999 3845 1013 3915 ΙΙ
1035 3851 1050 3897 '1
1068 3865 1179 3898 caeram
1201 3867 1224 3899 v.
1249 3846 1261 3915 {j
1284 3852 1315 3899 10
1337 3855 1411 3900 testa
1430 3892 1436 3902 .
1453 3889 1478 3902 ..
1498 3851 1576 3900 sicea
1593 3868 1634 3915 ap.
1657 3848 1669 3910 Ιί

528 3933 558 3979 12
577 3930 682 3995 pondos
699 3929 820 3980 excalcia
839 3951 859 3990 a,
879 3932 968 3996 pondo
987 3931 1156 3996 VI.{calcis
1171 3952 1199 3997 p.
1222 3929 1235 3998 ΙΙ
1259 3936 1290 3983 15
1308 3933 1382 3983 idest
1399 3952 1421 3997 u,
1440 3934 1483 3984 ide
1502 3932 1671 4000 (==idest)p

527 4014 604 4075 (uude
617 4019 681 4064 anate
694 4014 765 4064 idem
783 4013 846 4078 ed),
872 4013 883 4066 {¹
899 4017 971 4077 (eum
985 4016 1063 4065 calce
1076 4016 1169 4066 colata
1184 4016 1281 4078 ,l!m‚).f
1293 4014 1306 4083 lj
1321 4020 1353 4067 16
1365 4020 1452 4068 misce
1465 4019 1550 4068 Mam:
1570 4019 1671 4068 misceo

528 4115 567 4160 up.
589 4096 601 4159 ll
622 4100 711 4148 tincta
724 4101 779 4149 ea:
800 4100 896 4148 iuncta
911 4118 938 4163 p,
957 4117 1004 4150 om.
1023 4119 1046 4150 v.
1062 4096 1074 4164 l!
1095 4100 1124 4147 id
1143 4101 1287 4162 estrimes
1304 4119 1332 4150 c:
1350 4102 1422 4152 idem
1439 4103 1538 4152 trimas
1553 4120 1582 4167 p.
1603 4099 1617 4170 ss
1640 4106 1670 4153 17

527 4197 579 4243 sup
598 4182 708 4232 inducto
726 4201 766 4247 ap.
787 4180 799 4249 Η
818 4186 849 4232 21
870 4185 965 4233 caeroti
981 4202 1003 4234 v.
1016 4181 1028 4249 [Ι
1040 4198 1143 4233 eaevum
1161 4203 1174 4233 o
1194 4185 1232 4247 (ut
1248 4183 1396 4251 scenicam}
1409 4189 1442 4236 22
1461 4186 1582 4236 eriblato
1595 4204 1636 4251 up.
1658 4185 1670 4250 [ξ

528 4266 600 4315 bena
612 4284 634 4316 v.
647 4263 658 4331 ΙΙ
671 4268 800 4331 frigidam
813 4284 913 4331 aquam
925 4285 965 4332 op.
978 4264 1034 4334 1123
1047 4267 1146 4316 modim
1158 4286 1180 4319 v.
1193 4265 1206 4333 {l
1218 4266 1294 4331 punt
1311 4269 1347 4332 (in
1363 4270 1428 4333 raa.)
1441 4289 1463 4330 v,
1476 4267 1600 4336 proltint
1613 4270 1671 4333 (sie)

526 4367 553 4412 p.
569 4346 582 4414 ΙΙ
598 4348 681 4399 debet
693 4350 798 4401 &mitti
810 4371 831 4410 v,
845 4353 923 4401 deb&
937 4352 1027 4402 emitti
1037 4369 1063 4415 p.
1076 4348 1089 4417 ll
1101 4352 1215 4401 criblum
1227 4372 1269 4418 cp.
1282 4350 1338 4419 [124
1352 4354 1459 4403 adicies
1468 4372 1500 4419 p:
1514 4356 1606 4405 adicis
1617 4374 1640 4405 v.
1657 4354 1670 4417 Jl

528 4434 617 4496 pondo
630 4450 678 4483 sex
691 4452 712 4492 v,
725 4437 814 4500 pondo
827 4437 865 4485 VI
875 4453 902 4499 p,
915 4432 927 4501 ll
939 4438 972 4486 25
984 4433 1058 4500 (etc.)
1072 4440 1153 4501 spata
1164 4453 1204 4500 ap.
1221 4433 1233 4502 ΙΙ
1251 4438 1297 4486 diu
1309 4455 1336 4488 o:
1350 4454 1396 4487 om,
1408 4456 1434 4503 p.
1447 4435 1460 4505 ΙΙ
1476 4442 1509 4489 26
1523 4441 1671 4491 sestarium

529 4533 570 4578 up.
586 4512 598 4581 ΙΙ
614 4519 714 4568 26-27
725 4522 807 4569 tertio
823 4548 850 4557 -
863 4522 1047 4571 commovebis
1059 4538 1089 4585 p:
1103 4538 1150 4574 om.
1161 4539 1183 4570 v.
1198 4516 1213 4587 Π
1228 4524 1261 4571 28
1275 4522 1423 4573 cucalefiat
1433 4540 1474 4587 ap.
1490 4520 1503 4588 Η
1519 4526 1553 4574 29
1564 4523 1672 4574 nondaa

529 4600 634 4648 similes
653 4604 690 4650 ait
709 4601 766 4666 (ate)
786 4621 825 4668 up.
843 4602 856 4669 ll
873 4605 953 4656 belle:
973 4605 1061 4655 beluae
1075 4624 1095 4664 u,
1114 4606 1196 4671 belae
1213 4626 1240 4671 p,
1253 4605 1309 4673 {130
1327 4608 1476 4671 perunguis
1493 4625 1535 4671 ap.
1553 4605 1568 4673 ΙΙ
1585 4609 1671 4658 31111-

531 4679 608 4731 ducis
620 4700 646 4746 p.
663 4682 675 4749 ΙΙ
691 4689 723 4736 32
743 4687 887 4736 contundis
908 4706 947 4752 op.
972 4686 984 4754 {l
1007 4692 1039 4740 33
1057 4689 1196 4752 pastillos:
1214 4694 1251 4740 eie
1268 4708 1308 4754 ap.
1329 4687 1342 4755 Ι]
1365 4694 1544 4755 cogmeutorci
1560 4709 1590 4756 p.
