3984 5825
521 667 581 732 138
1009 679 1167 727 v1rauv11

519 837 584 899 tius
613 834 701 899 orbis
728 843 889 898 terrarum
917 833 1134 918 regionesque
1160 831 1269 896 medio
1297 833 1412 896 mundi
1438 835 1577 921 populus
1599 837 1662 899 Ro·

519 958 632 1000 manus
655 935 802 1020 possidet
824 936 915 998 fines.
951 956 1092 1019 namque
1113 936 1406 1021 temperatissimae
1428 936 1472 998 ad
1492 947 1664 1023 utramque
1683 950 1711 996 11

517 1048 643 1126 partem
671 1046 704 1101 et
736 1059 907 1122 corporum
939 1035 1094 1100 membris
1127 1039 1374 1122 animorumque
1407 1038 1576 1123 vigoribus
1604 1063 1663 1125 pro

517 1138 710 1204 fortitudine
733 1148 808 1202 suut
830 1140 866 1202 in
886 1138 984 1202 Italia
1005 1149 1131 1222 gentes.
1176 1137 1449 1225 quemadmodum
1472 1142 1558 1203 enim
1573 1140 1663 1204 Iouis

483 1239 614 1306 astella
640 1241 726 1304 inter
746 1240 863 1304 Martis
890 1239 1168 1303 ferventissimam
1196 1251 1228 1305 et
1256 1241 1389 1305 Saturni
1414 1240 1663 1325 frigidissimam

517 1342 628 1407 media
649 1362 781 1405 currens
804 1351 1014 1428 temperatur,
1038 1341 1151 1404 eadem
1167 1343 1292 1407 ratione
1307 1340 1405 1406 Italia
1426 1344 1513 1406 inter
1534 1353 1662 1430 septen-

517 1442 689 1510 trionalem
711 1443 991 1530 meridianamque
1013 1443 1055 1507 ab
1077 1453 1215 1530 utraque
1236 1454 1329 1530 parte
1350 1443 1565 1509 mixtionibus
1582 1454 1683 1525 tem-⁴

421 1554 427 1563 ‘
516 1555 647 1634 peratas
678 1556 709 1610 et
737 1547 878 1609 invictas
907 1545 1007 1635 habet
1034 1545 1157 1609 laudes.
1201 1546 1311 1631 itaque
1338 1544 1483 1610 consiliis
1510 1547 1664 1631 refringit

517 1648 731 1712 barbarorum
751 1647 908 1730 virtutes,
937 1646 1017 1711 forti
1044 1669 1142 1712 manu
1162 1645 1416 1712 meridianorum
1437 1650 1662 1732 cogitationes.

469 1769 499 1815 to
516 1751 563 1816 ita
586 1751 699 1814 divina
721 1771 812 1814 mens
835 1750 1004 1814 civitatem
1025 1747 1138 1835 populi
1153 1748 1291 1812 Romani
1314 1750 1446 1834 egregia
1466 1759 1662 1836 temperata-

518 1875 581 1940 que
602 1852 736 1936 regione
759 1849 953 1933 conlocavit,
975 1851 1026 1914 uti
1048 1849 1136 1914 orbis
1159 1860 1317 1915 terrarum
1340 1851 1470 1936 imperii
1492 1854 1663 1936 potiretur.

518 1953 635 2042 quodsi
656 1955 704 2018 ita
727 1962 776 2017 est
797 1955 847 2018 uti
869 1950 1046 2016 dissimiles
1068 1953 1218 2036 regiones
1241 1952 1283 2016 ab
1298 1950 1563 2017 inclinationibus
1580 1953 1664 2016 caeli
1684 1969 1715 2015 12

517 2057 620 2121 variis
642 2055 819 2140 generibus
843 2055 909 2118 sint
932 2063 1152 2140 comparatae,
1181 2063 1217 2117 ut
1238 2055 1337 2118 etiam
1358 2063 1493 2117 naturae
1514 2055 1664 2139 gentium

518 2157 705 2246 disparibus
740 2157 858 2220 animis
892 2165 924 2220 et
956 2177 1128 2243 corporum
1161 2156 1275 2240 figuris
1302 2153 1579 2242 qualitatibusque
1606 2178 1663 2218 na-

468 2278 499 2327 15
518 2268 700 2342 sacrentur,
734 2280 799 2322 non
827 2257 1014 2322 dubitemus
1045 2258 1268 2323 aedificiorum
1295 2278 1422 2343 quoque
1447 2258 1591 2322 rationes
1619 2258 1665 2320 ad

517 2363 665 2427 nationes
706 2361 917 2448 gentiumque
959 2361 1174 2446 proprietates
1218 2367 1293 2445 apte
1332 2357 1545 2441 distribuere,
1589 2381 1665 2423 cum

517 2463 693 2529 habeamus
727 2462 769 2527 ab
802 2464 875 2549 ipsa
907 2482 1016 2524 rerum
1053 2470 1171 2526 natura
1209 2459 1373 2525 sollertem
1406 2469 1439 2523 et
1472 2460 1661 2546 expeditam

518 2566 794 2631 monstrationem.
1674 2548 1679 2559 ⁴

604 2667 722 2751 Quoad
744 2666 836 2755 potui
858 2687 983 2730 summa
1004 2665 1130 2729 ratione
1151 2666 1366 2751 proprietates
1389 2664 1533 2730 locorum
1547 2665 1589 2729 ab
1604 2687 1663 2728 na-

467 2790 500 2837 ·20
518 2781 591 2837 tura
613 2793 720 2834 rorum
749 2767 924 2855 dispositas
951 2766 1212 2831 animadvertere
1239 2767 1377 2853 exposui
1399 2777 1431 2831 et
1452 2766 1663 2852 quemadmo-

518 2872 596 2938 dum
618 2872 661 2937 ad
683 2870 761 2937 solis
784 2892 915 2936 cursum
938 2879 970 2936 et
991 2868 1218 2934 inclinationes
1241 2867 1323 2934 caeli
1349 2878 1497 2956 oporteat
1517 2867 1559 2933 ad
1580 2889 1662 2953 gen·
1727 2945 1737 2956 θ

518 2976 599 3041 tium
622 2976 742 3058 figuras
766 2973 964 3039 constituere
985 2972 1209 3039 aedificiorum
1230 2972 1403 3057 qualitates
1426 2969 1508 3034 dixi.
1550 2972 1664 3057 itaque

519 3098 604 3142 uuus
623 3075 825 3160 singulorum
845 3096 1001 3161 generum
1017 3075 1052 3138 in
1066 3074 1223 3138 aedificiis
1240 3095 1440 3137 commensus
1455 3072 1662 3159 symmetria-

519 3197 590 3240 uun
613 3187 645 3241 et
667 3178 838 3242 univorsos
863 3187 895 3241 et
917 3186 1085 3263 separatos
1106 3175 1252 3240 breviter
1274 3174 1456 3261 explicabo.

478 3289 503 3338 11
607 3274 706 3339 Nulla
727 3277 906 3343 architecto
929 3280 1033 3342 maior
1054 3299 1131 3341 cura
1153 3299 1224 3343 esse
1250 3277 1348 3341 debet
1369 3278 1434 3341 nisi
1455 3277 1505 3340 uti
1525 3297 1661 3363 propor÷
1684 3297 1698 3343 1

468 3390 501 3436 ao
520 3372 664 3437 tionibus
686 3385 777 3439 rutae
798 3380 901 3461 partis
930 3378 1073 3444 habeant
1098 3377 1248 3442 aedificia
1273 3380 1434 3442 rationum
1460 3378 1662 3442 exactiones.
1741 3404 1747 3422 r

519 3491 593 3533 cum
615 3494 692 3555 ergo
715 3477 893 3541 constituta
914 3480 1177 3563 symmetriarum
1197 3480 1279 3544 ratio
1294 3478 1395 3544 fuerit
1410 3488 1442 3544 et
1457 3501 1662 3543 commensus
1710 3484 1714 3492 '

519 3667 746 3679 -Ἧ-

588 3792 601 3840 1
621 3793 802 3860 regionesque
819 3812 878 3861 eqo:
900 3798 1077 3862 regionisque
1096 3799 1182 3853 ΕΘΗ.
1205 3798 1217 3868 ll
1242 3806 1257 3853 6
1275 3804 1368 3856 italia:
1390 3805 1433 3853 ita
1452 3802 1509 3854 ali'a
1527 3809 1588 3853 ante
1605 3818 1661 3854 ras.

518 3876 550 3925 H
565 3876 665 3941 (solas).
684 3874 697 3944 ΙΙ
719 3880 734 3929 7
752 3884 869 3945 utraque
887 3881 948 3930 EO:
966 3886 1085 3948 utroque
1103 3884 1135 3932 H
1146 3883 1225 3949 (Ltc).
1249 3886 1262 3952 Ι)
1284 3891 1301 3939 8
1319 3888 1441 3938 consiliis
1459 3888 1603 3952 refringit:
1621 3890 1662 3938 sic

518 3961 597 4012 EGH
624 3963 683 4025 (aed
705 3964 740 4014 6⁶
761 3966 853 4015 delevit
874 3967 944 4031 quod
963 3981 1025 4017 moa
1051 3972 1184 4033 repetitum
1205 3973 1269 4022 uidit
1293 3973 1393 4023 uerbum
1415 3973 1551 4031 consiliis,
1578 3974 1661 4022 inler-

509 4050 654 4110 -paactione
670 4050 743 4100 aaut
755 4056 818 4115 post
829 4066 913 4100 manu
929 4049 1041 4115 addita).
1057 4050 1069 4119 Ι)
1085 4056 1101 4103 9
1119 4070 1201 4104 manu
1212 4057 1282 4107 doe:
1301 4072 1385 4107 manu
1402 4057 1527 4107 consiliis
1546 4056 1630 4107 EGH.
1646 4054 1659 4125 1)

414 4180 417 4184 ,
520 4133 551 4181 10
568 4132 664 4196 populi
677 4134 783 4185 romani
798 4135 840 4183 H:
858 4136 966 4186 romani
977 4136 1072 4201 populi
1084 4138 1141 4188 EG.
1156 4135 1168 4205 Η
1186 4142 1301 4206 egregia
1318 4146 1525 4207 temperataque
1544 4143 1662 4207 ragione

517 4215 586 4265 loa:
607 4219 718 4282 egregii
735 4217 826 4282 (-am
844 4218 880 4285 E)
899 4226 1136 4287 temperatamque
1159 4222 1285 4289 (-taque
1304 4224 1340 4291 Ε)
1363 4226 1475 4290 regione
1493 4223 1601 4289 (-nern
1620 4227 1660 4292 E)

518 4298 579 4361 EG,
603 4302 744 4366 egregiam
760 4308 994 4371 temperatamque
1015 4309 1154 4371 regionem
1178 4309 1206 4356 H
1227 4307 1265 4373 (c,
1284 4326 1364 4359 -am
1380 4313 1484 4374 -aque
1502 4313 1550 4360 -e
1568 4311 1622 4374 Ll).
1646 4308 1659 4376 ll

519 4384 549 4432 11
567 4384 677 4450 imperii
694 4388 725 4438 H
740 4388 825 4452 (Lte):
843 4390 960 4455 imperio
979 4391 1027 4440 GE
1046 4389 1171 4457 (imlperi
1187 4394 1355 4457 oportiretur
1371 4402 1431 4444 urite
1447 4408 1517 4443 corr.
1538 4394 1579 4457 6).
1596 4391 1608 4459 ll
1628 4399 1662 4445 13

518 4467 739 4534 con(m)paratae
758 4477 799 4523 ut:
816 4476 854 4524 sic
871 4475 961 4524 EGH.
982 4470 996 4541 ΙΙ
1019 4478 1051 4526 15
1068 4475 1224 4527 dubitemur
1240 4483 1300 4527 ante
1316 4493 1386 4529 corr.
1406 4479 1427 4528 G
1446 4476 1508 4538 (nou
1525 4477 1571 4541 Ε).
1593 4474 1605 4544 ΙΙ
1627 4481 1662 4531 16

518 4552 646 4603 nationes
663 4572 722 4619 ego:
741 4558 853 4608 nationi
869 4560 899 4607 H
916 4556 968 4622 (LI,
979 4575 1075 4609 -nem
1086 4559 1121 4623 e),
1140 4555 1280 4611 nationum
1299 4558 1382 4623 (-ni1
1394 4559 1431 4628 Ε)
1452 4562 1508 4616 EG.
1524 4558 1536 4628 ΙΙ
1553 4564 1585 4611 19
1605 4576 1662 4625 quo

520 4633 632 4698 adoptui
650 4646 710 4688 ante
727 4656 795 4691 corr.
816 4641 917 4704 G(nou
933 4642 980 4706 Ε).
1002 4640 1014 4710 Ι)
1033 4646 1067 4694 20
1085 4648 1113 4694 et
1131 4642 1200 4704 (ante
1218 4660 1297 4708 quem
1315 4644 1471 4710 admodum)
1489 4647 1521 4694 H
1534 4644 1662 4709 (thle):

518 4731 565 4772 om.
583 4719 641 4771 EG.
665 4719 677 4790 ss
700 4726 733 4773 24
751 4723 907 4798 explicabo]
926 4727 966 4776 lu'c
984 4729 1078 4778 desinit
1094 4727 1126 4781 Ε.
1149 4724 1162 4800 Ι)
1184 4727 1318 4779 tertulla
1337 4730 1365 4777 H
1383 4728 1467 4798 (Llc)=
1486 4729 1568 4780 Nullo
1589 4731 1619 4781 θ.
