3984 5825
617 971 632 1021 I
650 971 693 1021 Do
711 972 857 1037 principiis
875 973 942 1023 artis
961 973 1207 1024 architectonicae.

601 1058 628 1106 ΙΙ
646 1058 689 1106 De
707 1057 806 1110 ventis.

587 1141 630 1191 III
648 1141 690 1191 De
710 1156 798 1205 aquae
815 1142 985 1192 inventione.

587 1225 626 1276 IV
645 1226 687 1275 De
705 1230 846 1290 puteorum
864 1228 1034 1277 fossionibus
1054 1231 1082 1276 et
1100 1227 1255 1277 structuris.

605 1311 628 1359 V
647 1312 689 1361 De
707 1310 831 1361 utilitate
851 1326 939 1376 aquae
957 1311 1110 1377 probanda.

588 1395 627 1447 VI
644 1397 686 1445 De
705 1410 796 1459 aquae
815 1395 981 1449 inductione.

576 1480 628 1530 VII
646 1480 688 1528 De
707 1479 841 1530 mensuris
859 1484 885 1529 et
903 1481 1023 1544 pondere
1042 1481 1201 1532 fistularum.

563 1565 630 1616 VIII
648 1567 690 1614 De
708 1564 830 1615 harenas
849 1570 957 1615 natura.

587 1650 626 1698 IX
644 1650 687 1698 De
705 1648 792 1699 calcis
810 1649 934 1699 utilitate
953 1650 1105 1715 probanda.

604 1735 628 1783 X
646 1735 688 1784 De
706 1733 842 1784 lateribus
860 1734 1005 1784 faciendis.

587 1818 627 1868 XI
647 1818 684 1868 De
704 1819 858 1883 parietibus
877 1819 1016 1869 latericiis
1033 1820 1152 1870 tectorio
1170 1819 1246 1885 operi
1264 1819 1410 1886 parandis.

575 1904 629 1954 XII
647 1904 689 1953 De
707 1903 855 1968 generibus
874 1905 1001 1954 arborum
1019 1910 1045 1955 et
1063 1905 1185 1955 utilitate
1204 1906 1350 1956 enesionis.

558 1989 627 2038 XIII
646 1988 688 2037 De
708 1988 816 2039 fabrica
834 1988 919 2039 villae
937 1990 1059 2040 rusticae
1078 1990 1256 2054 disponenda.

565 2074 629 2122 XlV
647 2075 689 2123 De
710 2073 893 2139 dispositione
913 2075 1004 2138 operis
1022 2075 1130 2124 urbani.

578 2159 628 2208 XV
647 2160 689 2207 De
709 2160 843 2207 mensuris
862 2157 1056 2215 aedificiorum.

565 2245 631 2294 XVI
649 2245 691 2292 De
710 2242 820 2291 fabrica
838 2241 1008 2294 balnearum.

547 2328 626 2379 XVII
645 2328 687 2377 De
706 2327 822 2376 cameris
840 2327 1010 2377 balnearum.

536 2413 629 2464 XVIII
648 2414 689 2461 De
708 2411 922 2476 expolitionibus
940 2413 1167 2477 pavimentorum.

564 2499 628 2548 XIX
647 2498 689 2547 De
707 2496 874 2562 pavimentis
892 2510 975 2561 super
993 2499 1219 2559 contignationes
1236 2498 1387 2551 faciendis.

580 2584 630 2632 XX
649 2583 691 2632 De
711 2580 787 2631 calce
806 2582 949 2647 probanda
968 2584 1046 2647 operi
1065 2583 1179 2634 albario.

565 2669 630 2717 XXI
648 2668 690 2717 De
711 2667 827 2716 cameris
846 2667 990 2721 canniciis.

550 2753 632 2802 XXII
649 2755 692 2802 De
710 2751 890 2817 politionibus
909 2753 1045 2817 parietum
1065 2752 1312 2803 caementiciorum.

533 2839 627 2888 XXIII
646 2840 687 2887 De
706 2851 788 2902 opere
807 2837 958 2887 coronario.

536 2924 626 2973 XXIV
644 2924 686 2973 De
705 2923 857 2987 parietibus
877 2924 1066 2973 caementiciis
1085 2923 1203 2974 humidis
1222 2923 1290 2973 locis
1308 2923 1495 2975 solidandis.

553 3008 629 3058 XXV
647 3008 784 3058 Triclinia
801 3008 917 3057 hiberna
935 3008 1085 3057 minoribus
1103 3009 1218 3072 picturis
1237 3023 1298 3058 esse
1317 3009 1469 3063 ornanda.

536 3094 627 3144 XXVI
646 3095 811 3144 Pavimenta
828 3096 859 3141 ut
876 3092 905 3140 in
924 3093 1014 3141 hiemo
1032 3096 1154 3157 tepeant.

523 3179 629 3231 XXVII
646 3180 689 3227 De
707 3178 856 3243 generibus
875 3177 1004 3229 colorum.

507 3263 629 3314 XXVIII
648 3264 690 3313 Da
709 3278 820 3313 normae
840 3262 1010 3312 inventione.

535 3348 627 3397 XXIX
646 3349 688 3396 Da
707 3348 842 3412 horologii
858 3348 1041 3397 Institutione.

553 3431 630 3480 XXX
649 3432 691 3481 De
710 3432 801 3481 maltis
821 3431 946 3482 diversis.

864 3552 924 3602 ooo.
946 3550 1092 3600 Valentior.
1127 3569 1162 3593 =
1179 3568 1200 3600 v.

863 3637 924 3686 God.
943 3636 1097 3686 Pithoeanus
1124 3654 1159 3678 =
1175 3652 1201 3700 p.

862 3720 1072 3771 Cossutianus
1125 3739 1160 3763 =
1175 3735 1200 3784 9.

579 3838 674 3889 Titulus
691 3841 742 3911 sic:
770 3839 871 3904 Incipit
890 3839 922 3889 de
941 3839 1059 3889 diversis
1078 3837 1193 3887 fabricis
1212 3838 1435 3906 architectonice
1452 3857 1488 3907 p.
1533 3834 1693 3913 Incipiunt‘

509 3925 633 3990 capitula
655 3925 724 3974 artis
747 3923 963 3974 architectonice
987 3924 1021 3973 de
1045 3923 1162 3974 diversis
1181 3920 1302 3989 {fabricis
1327 3940 1350 3975 o.
1372 3927 1434 3975 aine
1457 3928 1507 3979 tie.
1531 3929 1557 3979 (3
1576 3929 1676 3995 (adcor.

506 4014 540 4060 al.
558 4026 588 4062 m.
624 4009 766 4074 Incipiunt
785 4008 928 4073 capitula).
964 4024 1081 4059 numeros
1098 4010 1263 4072 capitulorum
1280 4008 1372 4059 labent
1389 4026 1434 4074 op,
1455 4028 1513 4063 om.
1534 4031 1565 4079 p.

575 4130 591 4178 h
612 4128 751 4194 probande
773 4144 808 4194 pp
831 4127 900 4191 (item
922 4127 993 4191 infra
1015 4129 1041 4176 in
1059 4134 1132 4176 textu
1147 4126 1187 4191 p).
1210 4122 1223 4193 ΙΙ
1252 4129 1284 4177 13
1306 4127 1528 4193 quodponenda
1552 4134 1581 4182 in
1604 4140 1676 4184 texts

504 4228 536 4277 p.
557 4208 570 4278 ΙΙ
594 4214 625 4262 18
644 4213 861 4278 expolitionibus
878 4216 1000 4264 Polenus:
1026 4212 1245 4277 expositionibus
1263 4229 1312 4277 opp
1330 4212 1400 4275 (item
1419 4216 1447 4263 in
1468 4215 1580 4281 textu).
1605 4214 1619 4284 ΙΙ
1648 4219 1676 4267 19

507 4313 591 4363 supra
609 4294 683 4362 (con-
703 4300 764 4348 orlei.
783 4297 992 4364 v⁶)tignationes
1010 4316 1032 4348 o.
1055 4294 1067 4364 ΙΙ
1095 4301 1125 4347 21
1146 4297 1264 4347 osmarIs
1281 4314 1307 4362 p.
1329 4293 1341 4363 ΙΙ
1368 4298 1404 4347 24
1427 4298 1599 4352 solidantis
1616 4319 1643 4367 p.
1663 4299 1675 4366 ΙΙ

507 4384 540 4433 30
558 4383 650 4432 maltIs
668 4400 725 4448 opp.
