3984 5825
535 636 596 700 130
1020 653 1178 698 rrrnmu

534 803 652 867 deinde
673 804 715 866 ad
738 806 842 889 ipsam
864 826 982 888 aquarn
1011 814 1042 867 et
1069 804 1171 867 latera
1197 789 1332 889 pulvino
1355 805 1485 868 circiter
1506 806 1706 890 sesquipet

533 904 623 968 dales
655 907 817 990 margines
851 916 1017 969 struantur
1048 905 1245 991 aequilibres
1279 928 1320 968 ex
1347 904 1483 991 planitia
1514 928 1599 992 quae
1627 918 1675 969 est

533 1029 631 1093 supra
653 1009 785 1093 scripta,
808 1017 886 1071 tunc
909 1007 1102 1093 proclinatio
1126 1030 1163 1070 ca
1185 1006 1358 1094 impleatur
1378 1006 1500 1071 harena
1522 1018 1554 1072 et
1577 1031 1673 1071 exae-

533 1121 649 1195 quetur
671 1130 743 1173 curn
765 1110 913 1193 margine
935 1120 967 1172 et
989 1108 1127 1194 planitia
1148 1110 1287 1195 pulvini.
1323 1108 1441 1172 deinde
1456 1110 1589 1197 insuper
1604 1132 1673 1173 earn

499 1227 515 1273 ὅ
535 1212 803 1296 exaequationem
826 1210 893 1296 pila
921 1233 1017 1297 quam
1040 1233 1159 1295 magna
1182 1212 1358 1274 constituta
1379 1210 1478 1275 fuerit
1499 1210 1547 1274 ibi
1568 1222 1674 1276 strua-

532 1322 601 1394 tur,
630 1334 732 1398 eaque
760 1334 833 1375 cum
864 1314 939 1375 erit·
955 1323 1121 1393 extructa,
1151 1311 1353 1398 relinquatur
1382 1334 1425 1375 ne
1456 1313 1562 1376 miuus
1593 1313 1676 1377 duos

532 1436 659 1477 menses
688 1423 725 1478 ut
757 1415 923 1476 siccescat.
974 1424 1053 1477 tunc
1087 1424 1194 1477 autem
1227 1413 1413 1478 succidatur
1444 1436 1558 1498 margo
1593 1435 1677 1500 quae

448 1546 453 1556 ·
532 1516 671 1579 sustinet
698 1515 863 1579 harenam.
916 1517 963 1578 ita
990 1516 1112 1578 harena
1144 1515 1295 1579 fluctibns
1329 1515 1464 1578 subruta
1491 1515 1614 1579 efficiet
1640 1517 1677 1580 in

532 1639 619 1680 mare
653 1616 739 1703 pilae
766 1618 1080 1704 praecipitationem.
1136 1619 1196 1680 hae
1227 1618 1354 1681 ratione
1386 1618 1678 1703 quotienscumque

483 1733 515 1781 10
533 1742 614 1806 opus
637 1718 747 1801 fuerit,
772 1721 944 1805 inaquam
966 1721 1086 1805 poterit
1109 1741 1181 1782 esse
1203 1741 1405 1804 progressus

617 1820 657 1883 In
679 1821 798 1907 quibus
820 1832 929 1885 autem
952 1820 1032 1884 locis
1055 1819 1164 1906 pulvis
1191 1843 1258 1884 non
1279 1821 1436 1903 nascitur,
1467 1820 1519 1884 his
1541 1821 1678 1886 rationi·
1697 1835 1713 1882 5

532 1923 594 1986 bus
623 1911 898 1987 erit'laciendum
931 1924 979 1986 uti
1009 1944 1103 1985 arcae
1135 1920 1282 2010 duplices
1314 1921 1462 2007 religatis
1493 1921 1617 1987 tabulis
1646 1933 1680 1987 et

533 2027 656 2089 catenis
686 2023 868 2108 conligatae
895 2026 930 2088 in
957 2047 995 2087 eo
1023 2023 1093 2088 loeo
1121 2025 1178 2110 qui
1206 2023 1318 2088 finitus
1340 2026 1404 2089 erit
1426 2025 1678 2107 constituantur,

534 2137 566 2190 et
592 2129 678 2190 inter
707 2125 852 2189 destinas
882 2136 970 2189 creta
997 2128 1031 2190 in
1060 2126 1212 2190 eronibus
1243 2147 1285 2188 ex
1311 2125 1389 2190 ulva
1415 2125 1556 2212 palustri
1579 2125 1680 2190 factis

483 2242 515 2288 15
533 2227 685 2292 calcetur.
725 2248 799 2290 cum
820 2229 867 2291 ita
889 2227 972 2290 bene
995 2226 1154 2292 calcatum
1178 2237 1210 2290 et
1232 2249 1328 2312 quam
1350 2226 1542 2291 densissime
1565 2227 1680 2309 fuerit,

531 2340 610 2392 tunc
632 2328 749 2391 cocleis
771 2330 852 2393 rotis
875 2331 1042 2415 tpunpanis
1071 2327 1247 2394 conlocatis
1275 2328 1364 2392 locus
1392 2329 1447 2414 qui
1469 2350 1508 2392 ea
1529 2330 1682 2416 ceptione

532 2431 644 2494 finitus
666 2429 766 2493 fuerit
795 2431 1002 2495 exinaniatur
1028 2433 1249 2516 siccaturque,
1280 2440 1312 2493 et
1333 2429 1381 2493 ibi
1403 2432 1489 2494 inter
1509 2431 1680 2516 septiones

532 2530 744 2595 fundamenta
765 2530 943 2596 fodiantur.
988 2535 1016 2595 si
1039 2543 1169 2596 terrena
1197 2541 1307 2611 erunt,
1335 2553 1438 2617 nsque
1463 2531 1508 2594 ad
1536 2530 1681 2596 solidum

534 2635 695 2696 crassiora
723 2655 819 2718 quam
848 2636 904 2719 qui
931 2657 1042 2698 murus
1070 2656 1169 2720 supra
1200 2632 1329 2697 futinus
1357 2634 1420 2697 erit
1446 2634 1681 2698 exinaniantur

482 2748 516 2794 ⁴20
534 2737 771 2820 siccenturque,
794 2745 827 2799 et
849 2746 926 2800 tunc
949 2745 1112 2803 structura
1134 2757 1177 2799 ex
1198 2737 1374 2800 caementis
1397 2733 1485 2798 calce
1508 2744 1540 2798 et
1554 2734 1681 2799 harena

533 2834 765 2924 compleantur.
810 2838 862 2900 sin
893 2848 1002 2901 alitem
1035 2836 1143 2903 mollis
1175 2837 1265 2902 locus
1299 2838 1377 2919 erit,
1415 2835 1498 2923 palis
1532 2835 1714 2901 ustilatisss

532 2938 635 3002 alneis
663 2951 719 3004 aut
749 2938 928 3025 oleagineis
962 2940 1144 3025 configatur
1175 2950 1208 3004 et
1235 2938 1431 3003 carbonibus
1465 2937 1681 3025 compleatur,

533 3040 807 3127 quemadmodum
845 3044 880 3105 in
919 3042 1119 3107 theatrorum
1152 3051 1183 3104 et
1221 3042 1306 3103 muri
1337 3039 1587 3105 fundationibus
1628 3052 1681 3106 est

533 3144 701 3229 scripturn.
744 3144 864 3207 deinde
879 3155 955 3208 tunc
971 3143 1129 3230 quadrato
1145 3165 1225 3206 saxo
1239 3164 1350 3206 murus
1365 3141 1504 3205 ducatur
1516 3142 1681 3206 iuncturis

482 3256 516 3303 aa
534 3266 630 3329 quam
653 3243 862 3327 longissimis,
884 3247 933 3309 uti
953 3248 1097 3311 maxime
1118 3243 1219 3312 medii
1240 3242 1365 3330 lapides
1386 3244 1587 3327 coagmentis
1602 3266 1679 3309 con·

532 3347 708 3408 tineantur.
744 3355 822 3408 tunc
844 3349 900 3433 qui
924 3347 1013 3412 locus
1036 3348 1097 3411 erit
1121 3349 1206 3411 inter
1227 3368 1354 3410 murum
1374 3345 1585 3410 ruderatione
1605 3346 1682 3409 sive

533 3455 696 3508 structura
731 3446 939 3533 compleatur.
1002 3450 1050 3514 ita
1086 3450 1148 3513 erit
1184 3449 1238 3512 uti
1268 3450 1373 3534 possit
1395 3447 1508 3511 turris
1543 3447 1682 3534 insuper

532 3544 711 3608 aedificari.

618 3646 681 3710 His
711 3648 866 3734 perfectis
893 3652 1099 3723 navaliorum
1126 3674 1166 3716 ea
1186 3653 1248 3715 erit
1274 3651 1359 3715 ratio
1379 3661 1417 3715 ut
1438 3641 1714 3715 constituanturr

605 3823 615 3867 1
641 3819 768 3884 abipsanr
790 3830 849 3872 ante
876 3839 944 3873 corr.
969 3826 998 3875 G.
1022 3822 1035 3891 ἢ
1062 3812 1109 3892 ies
1131 3824 1177 3888 qui
1199 3821 1313 3887 pedales
1336 3822 1379 3888 Gt.
1407 3818 1420 3888 ll
1445 3821 1550 3885 2(itear
1566 3820 1595 3886 4)
1616 3822 1680 3887 pla·

534 3905 603 3952 uitia
623 3905 674 3952 GH
692 3904 773 3968 (Lte).
791 3901 804 3971 ΙΙ
825 3910 842 3956 3
860 3908 1031 3975 exequentur
1048 3909 1095 3965 Ge,
1115 3907 1257 3971 exequalre
1270 3904 1369 3969 Htltnr
1384 3907 1416 3955 H
1435 3906 1617 3972 (exaequetur
1636 3908 1681 3969 Lt,

534 4022 581 4054 ora.
599 4005 649 4067 ck).
669 4003 681 4070 p
696 4007 712 4054 e
730 4007 922 4071 relinquantur
937 4018 998 4059 onte
1015 4026 1085 4063 corr.
1105 4009 1175 4072 δία
1186 4008 1222 4072 c).
1243 4005 1256 4073 ΙΙ
1278 4010 1293 4057 't
1310 4008 1415 4057 mensis
1431 4008 1468 4057 H.
1489 4004 1503 4075 ss
1526 3998 1682 4071 elucidatur

536 4105 578 4155 Gr.
593 4103 606 4170 Γ,
624 4108 640 4155 8
658 4094 760 4174 lairena
779 4108 824 4159 Ge,
840 4106 853 4175 ll
871 4112 888 4160 a
905 4110 963 4175 pile
974 4127 1021 4162 aar.
1037 4108 1165 4174 G(rappt.
1179 4106 1235 4173 Gr).
1254 4105 1267 4173 ΙΙ
1290 4110 1321 4157 12
1338 4108 1468 4172 religatis
1478 4108 1558 4158 Lora
1577 4108 1681 4160 relatis

536 4190 594 4239 GH.
616 4186 628 4253 ’ᾖ
653 4194 685 4240 14
702 4192 874 4242 ineronibus:
891 4196 930 4243 sic
943 4194 994 4244 GH
1006 4193 1085 4256 (tre).
1111 4190 1123 4259 ΙΙ
1144 4192 1261 4257 plaustri
1280 4192 1309 4242 G.
1332 4187 1346 4259 Ι]
1368 4193 1400 4241 te
1418 4191 1521 4243 cocleis
1540 4192 1564 4241 6
1581 4192 1680 4258 (Here),

535 4272 647 4323 clocleis
665 4282 725 4324 onte
741 4292 810 4326 corr.
823 4278 851 4326 H
869 4277 925 4338 (L).
941 4274 953 4342 ΙΙ
970 4279 1003 4328 18
1013 4283 1106 4327 terrea
1117 4285 1178 4328 oute
1189 4293 1258 4327 corr.
1273 4278 1303 4329 G.
1321 4273 1334 4342 ΙΙ
1349 4279 1381 4327 19
1393 4276 1571 4327 exinaniatur
1588 4278 1679 4329 sicce·
1690 4326 1702 4334 ,

534 4362 632 4422 torque
653 4359 712 4411 GH.
739 4363 857 4409 correxit
875 4361 944 4409 ilar.
963 4359 976 4426 i,
990 4364 1024 4411 ‘20
1041 4368 1107 4412 tune
1124 4361 1154 4410 H
1172 4361 1255 4425 (Ltc):
1274 4375 1347 4409 nunc
1365 4360 1396 4411 G.
1410 4357 1423 4426 ΙΙ
1441 4362 1474 4409 at
1487 4359 1682 4426 compleantur

535 4449 594 4489 uate
616 4458 684 4493 corr.
708 4444 785 4506 Gtet
803 4443 835 4507 !):
860 4443 1032 4509 compleatur
1053 4446 1080 4493 11
1097 4444 1227 4508 (trem-e).
1251 4442 1264 4512 li
1285 4444 1338 4494 erit
1354 4445 1383 4494 Η
1401 4443 1487 4507 (Ltc):
1505 4444 1594 4495 tuerit
1612 4445 1645 4494 G.
1665 4444 1678 4509 ΙΙ

534 4525 670 4574 ustilatis:
696 4531 734 4576 sie
757 4529 816 4579 GH.
840 4524 853 4592 ll
875 4530 908 4577 ἑὲ
926 4527 1079 4594 configatur
1096 4530 1150 4579 erl:
1169 4535 1305 4593 —gautur
1321 4530 1380 4579 GH.
1399 4526 1413 4593 ΙΙ
1434 4529 1607 4595 compleatur
1619 4532 1680 4583 ed:

535 4615 666 4656 -eautur
678 4611 736 4660 GH.
754 4609 767 4674 {2
785 4613 818 4659 86
830 4612 1006 4695 mrlqmtiona
1026 4610 1054 4675 (t.
1072 4629 1096 4662 e.
1114 4611 1181 4662 rude
1199 4611 1318 4677 ratione)
1337 4614 1381 4664 G‘.
1402 4609 1415 4679 ΙΙ
1437 4616 1472 4664 119
1489 4613 1680 4665 navaliorum:

533 4692 571 4736 ric
589 4692 648 4742 611.
