3984 5825
439 690 498 753 uu
930 700 1087 746 rrrrrtru

437 853 658 943 vituperandi,
689 856 810 941 quique
837 876 901 917 non
928 852 1069 939 propriis
1099 853 1353 936 cogitationibus
1382 854 1578 940 scriptorum

434 959 596 1037 situatur,
629 956 688 1020 scd
721 955 843 1020 invidis
876 954 1022 1018 moribus
1053 954 1160 1016 aliena
1193 954 1352 1019 violantes
1384 953 1577 1039 gloriantur,

435 1082 497 1124 uun
526 1057 623 1123 uredo
650 1069 725 1122 sunt
752 1055 1028 1143 reprehendendi,
1056 1055 1115 1119 sed
1143 1057 1240 1119 etiam
1268 1058 1345 1143 quia
1366 1058 1467 1145 impio
1489 1078 1577 1121 more

437 1162 599 1242 vixerunt,
623 1182 726 1248 [mena
747 1158 995 1224 condemnandi.
1032 1180 1092 1221 nec
1113 1168 1222 1221 tamen
1243 1159 1322 1222 haee
1343 1178 1396 1222 res
1418 1181 1483 1236 non
1504 1160 1576 1222 vin-

400 1263 561 1329 tdiratae
576 1263 734 1326 curiosius
757 1262 799 1324 ab
821 1261 965 1347 antiquis
989 1283 1060 1324 esse
1082 1269 1313 1324 memorantur.
1350 1283 1486 1347 quorum
1508 1261 1575 1323 exi-

433 1377 485 1431 tus
514 1363 707 1429 iudiciorum
733 1365 788 1450 qui
815 1363 954 1443 fuerint,
984 1372 1121 1427 nonest
1143 1360 1286 1426 alienum
1308 1361 1577 1448 quemadmodum

433 1469 498 1533 siut
513 1464 607 1530 uobis
622 1464 736 1530 traditi
748 1464 923 1551 explicare.
957 1486 1051 1549 reges
1073 1461 1211 1528 Attalici
1233 1464 1360 1548 magnis
1382 1461 1577 1550 philologiae
1594 1475 1609 1523 4

432 1567 660 1635 dulcedinibus
676 1566 802 1631 inducti
824 1589 897 1630 curn
919 1569 1086 1652 egregiam
1099 1561 1340 1631 bibliothecam
1361 1566 1513 1650 Pergami
1534 1564 1577 1628 ad

432 1692 633 1735 corumunem
650 1668 898 1733 delectationem
913 1669 1156 1751 instituissent,
1180 1677 1259 1733 tunc
1279 1669 1358 1732 item
1372 1666 1576 1733 Ptolomaeus

385 1787 414 1835 tu
434 1771 558 1839 iuliuito
595 1770 666 1836 zelo
700 1769 955 1857 cupiditatisque
982 1770 1136 1834 incitatus
1166 1769 1273 1834 studio
1302 1792 1367 1835 non
1393 1769 1574 1834 minoribus

433 1873 602 1941 industriis
630 1872 673 1937 ad
701 1871 840 1936 cundem
862 1872 993 1936 modum
1017 1871 1227 1937 contenderat
1247 1870 1470 1936 Alexandriae
1491 1893 1576 1935 com-

433 1999 556 2068 purure.
602 1997 674 2039 erun
696 1980 804 2038 autem
827 1996 953 2038 summa
975 1972 1147 2058 diligentia
1169 1973 1376 2060 perfecisset,
1398 1995 1465 2037 non
1484 1982 1578 2060 puta·

434 2081 481 2145 vit
515 2078 547 2143 id
582 2077 661 2142 sistis
685 2097 757 2140 csse
784 2077 849 2140 nisi
876 2075 1166 2162 propagationibus
1195 2074 1419 2140 inseminando
1448 2085 1576 2139 curaret

432 2177 624 2265 rsrrguudruu.
653 2178 763 2265 itaquo
778 2177 882 2241 Musis
899 2187 930 2242 et
945 2177 1094 2264 Apollini
1110 2176 1204 2243 ludos
1220 2177 1386 2241 dedicavit
1409 2184 1441 2241 ct
1464 2198 1575 2263 quem-

386 2297 414 2345 tu
432 2279 606 2347 urlruoduru
634 2277 829 2345 athletarum
856 2279 904 2343 sic
932 2280 1158 2344 communium‘
1180 2280 1373 2368 scriptorum
1394 2277 1577 2343 victoribus

434 2383 576 2473 pruuuriu
604 2391 635 2446 ot
663 2380 801 2447 honoros
830 2383 1009 2446 constituit.
1065 2381 1116 2445 his
1144 2382 1191 2446 ita
1218 2382 1377 2445 institutis
1404 2402 1478 2445 cum
1504 2378 1610 2444 ludio

433 2484 604 2567 tulussout,
639 2481 762 2548 iudices
786 2482 922 2548 litterati
950 2485 1007 2571 qui
1029 2506 1083 2549 cos
1110 2483 1287 2570 probarent
1315 2491 1406 2546 erant
1432 2481 1576 2567 legendi.

434 2610 489 2653 roa
525 2608 597 2650 uum
630 2585 694 2651 ium
727 2607 786 2649 sex
820 2585 964 2650 civitatis
999 2584 1100 2651 lectos
1134 2584 1302 2650 habuisset
1328 2606 1389 2648 nec
1414 2592 1482 2648 tam
1510 2584 1576 2649 cito

433 2698 615 2777 uptuuuuu
655 2687 808 2752 idoucrun
835 2687 1016 2769 inveniret,
1055 2687 1168 2753 retulit
1208 2687 1251 2750 ad
1290 2708 1344 2752 eos
1385 2687 1441 2773 qui
1477 2707 1576 2772 supra

382 2806 414 2853 uo
435 2788 665 2857 bibliotluuum
680 2789 811 2855 fuerumt
826 2799 858 2855 ct
878 2789 1018 2878 quaesiit
1040 2790 1068 2855 si
1091 2810 1187 2877 quem
1208 2789 1375 2853 novissent
1395 2788 1436 2851 ad
1459 2784 1494 2850 id
1518 2808 1575 2850 ex-

435 2891 590 2983 peditum.
637 2903 713 2957 turre
735 2892 765 2958 ei
788 2892 943 2959 dixerunt
965 2914 1036 2957 esse
1058 2891 1221 2980 quendam
1237 2888 1494 2983 Aristophanen,
1519 2889 1576 2976 qui

434 3018 558 3061 statuum
588 2992 695 3059 statilio
723 3017 911 3083 currimuquc
939 2993 1110 3081 diligentia
1131 2994 1253 3059 cotidie
1275 3015 1385 3059 omnes
1406 2992 1508 3057 libros
1533 3013 1576 3055 ex

432 3095 546 3161 oruliuo
578 3096 770 3182 pmlogcrct.
827 3098 936 3183 itaque
964 3106 1126 3161 conventu
1153 3094 1305 3161 ludorum
1331 3117 1405 3160 cum
1431 3102 1576 3159 secretae

432 3197 525 3261 sodes
548 3195 712 3260 iudicibus
736 3208 844 3261 essent
865 3196 1076 3281 distributae,
1105 3220 1178 3264 cum
1200 3198 1317 3263 ceteris
1339 3196 1575 3284 Aristophanes

382 3312 415 3360 ‘25
433 3299 551 3361 citatus
567 3297 840 3382 quemadmodum
853 3297 961 3361 fuerat
974 3297 1065 3365 locus
1082 3302 1112 3366 ei
1133 3300 1323 3386 designatus
1345 3298 1439 3365 sedit.
1467 3298 1575 3385 primo
1593 3310 1611 3358 6

433 3408 601 3482 poetarum
632 3397 747 3461 ordine
773 3398 821 3472 ad
854 3401 1066 3465 certationem
1098 3402 1232 3469 inducto
1260 3424 1333 3467 cum
1359 3401 1575 3466 recitarentur

502 3654 514 3701 1
534 3652 698 3717 scriptorum
716 3652 853 3703 nituntur:
872 3656 910 3704 sie
928 3656 988 3706 GH.
1006 3652 1049 3723 113
1069 3660 1136 3723 qnia
1147 3662 1202 3711 ed:
1222 3659 1268 3726 qui
1286 3659 1344 3710 GH.
1366 3654 1379 3725 ΙΙ
1401 3658 1517 3709 lhaec:
1536 3660 1574 3709 etc

434 3737 487 3787 GH
508 3736 571 3802 (hec
591 3736 659 3795 GLl,
681 3736 735 3786 hae
753 3752 779 3799 c,
802 3737 838 3802 he
854 3739 892 3798 d).
916 3735 928 3804 ΙΙ
951 3740 1077 3806 'lReges
1097 3744 1119 3794 G
1137 3743 1216 3810 (ced):
1243 3745 1330 3810 Regis
1351 3744 1380 3792 H
1399 3742 1445 3805 (Ll
1465 3748 1490 3791 et
1513 3748 1574 3792 ante

431 3837 501 3873 corr.
519 3824 553 3884 c).
576 3826 590 3888 [Ι
611 3821 730 3871 athaliei
749 3821 779 3873 θ.
798 3818 811 3887 ΙΙ
832 3823 849 3871 8
865 3822 1073 3886 bybliothecam
1092 3828 1198 3893 (-teei
1216 3826 1250 3891 L)
1270 3829 1298 3878 H
1315 3825 1395 3890 (heu,
1411 3826 1574 3890 biblytheei

373 3895 377 3908 ’
430 3905 698 3970 l)‚bibliotheca(1'.
721 3902 734 3972 ss
756 3908 772 3955 9
789 3910 856 3955 tunc
874 3908 954 3958 item:
973 3911 1089 3963 tacitam
1100 3915 1137 3965 H.
1156 3910 1169 3980 ΙΙ
1190 3913 1362 3979 ptholomeus
1381 3912 1403 3963 G
1421 3909 1466 3974 (l),
1483 3910 1574 3975 ptolo-

431 4008 508 4043 meus
525 3993 554 4042 H
573 3989 644 4057 (Le).
665 3986 679 4058 [Ι
702 3993 734 4042 10
751 3991 877 4041 incitatis
888 3992 918 4041 H
936 3990 972 4055 (et
989 4003 1049 4046 aute
1066 4001 1164 4059 corat,
1183 3998 1329 4049 incitatius
1345 4004 1405 4047 ante
1422 4012 1492 4047 corr.
1509 3994 1545 4061 c).
1557 3993 1569 4061 l}

433 4080 463 4127 11
484 4076 666 4128 contenderat
683 4077 712 4126 H
729 4075 825 4139 (Lucu,
844 4078 1012 4129 contendent
1028 4090 1087 4131 aare
1105 4098 1175 4133 corr.
1193 4080 1234 4145 c):
1257 4080 1437 4133 contenderet
1456 4081 1484 4131 θ.
1504 4076 1517 4146 Ι]
1541 4083 1573 4131 13

431 4163 500 4212 ratis
517 4161 577 4226 (pro
595 4160 675 4226 nafis)
696 4162 724 4212 G.
747 4157 761 4228 [l
782 4162 973 4215 inseminando
992 4164 1054 4228 (non
1070 4166 1100 4215 in
1112 4166 1284 4231 seminando)
1296 4167 1368 4218 Mar.
1390 4162 1403 4232 ll
1426 4168 1459 4215 14
1472 4179 1574 4231 engen·
1633 4195 1634 4198 =

432 4246 494 4295 dum
516 4248 555 4296 clu
579 4244 626 4311 [fl.
648 4243 660 4310 ΙΙ
683 4245 807 4311 apolloni
830 4247 860 4297 (ι’.
883 4242 897 4315 ll
920 4249 951 4298 15
973 4251 1015 4299 sic
1038 4253 1166 4301 eomunu‘r
1186 4252 1209 4303 θ
1229 4250 1288 4315 (L),
1314 4250 1523 4301 sicommunium
1546 4252 1574 4299 H

433 4331 502 4391 (sice
525 4331 646 4380 munium
665 4333 686 4390 t,
708 4330 750 4380 sic
772 4333 891 4382 omnium
912 4331 965 4398 cle).
987 4330 999 4399 ΙΙ
1028 4336 1060 4383 16
1082 4336 1141 4385 iudi
1162 4344 1222 4387 ante
1244 4351 1313 4388 corr.
1336 4334 1417 4400 (ludi)
1437 4334 1466 4384 G.
1489 4329 1502 4400 ΙΙ
1527 4349 1573 4385 eos

433 4415 517 4465 Man:
537 4432 571 4465 ea
590 4417 650 4467 GH.
672 4411 684 4482 ΙΙ
707 4418 739 4466 18
756 4417 812 4465 iarn
830 4432 879 4467 sex
897 4417 1020 4468 civitatis
1037 4418 1077 4468 dc:
1102 4421 1157 4470 iam
1179 4436 1214 4471 ex
1237 4420 1361 4471 civitatis
1385 4420 1414 4468 H
1431 4418 1496 4481 (led,
1516 4420 1572 4468 iam

433 4498 557 4550 civitatis
574 4498 620 4563 L),
639 4500 695 4550 iam
709 4502 906 4552 excivitatibns
919 4502 948 4553 G.
965 4498 979 4567 [l
995 4504 1027 4554 19
1045 4508 1198 4569 septumum
1209 4504 1246 4563 H,
1265 4505 1393 4569 septymir
1406 4503 1572 4568 G(septim1‘1

434 4582 501 4645 Ltc).
524 4579 536 4648 ΙΙ
558 4584 663 4633 r&ullit
679 4585 715 4633 H.
738 4581 750 4650 ΙΙ
772 4588 805 4637 20
822 4585 1029 4650 bybliothecam
1048 4585 1156 4652 (-teca
1173 4587 1208 4654 L)
1228 4588 1281 4639 GH
1296 4588 1370 4652 (Led,
1382 4588 1574 4653 biblythecam

433 4672 492 4713 ante
509 4682 577 4718 corr.
595 4672 611 4728 l,
631 4667 835 4730 biblyothecam
851 4670 893 4735 lc).
915 4668 929 4737 ΙΙ
955 4671 1067 4722 fuerunt
1085 4671 1156 4735 (-it
1175 4671 1220 4737 Gl:
1247 4674 1286 4723 stc
1304 4673 1363 4723 GH.
1386 4668 1399 4739 ΙΙ
1420 4674 1452 4722 21
1472 4672 1574 4723 aristo-

433 4744 543 4809 phanen
560 4750 591 4798 H
607 4749 686 4814 (Llc),
704 4757 772 4803 -ne
790 4755 819 4804 G.
843 4750 856 4821 ΙΙ
877 4758 910 4807 23
928 4758 1023 4821 itaque
1041 4762 1192 4808 conventu:
1209 4759 1248 4808 ric
1266 4757 1325 4808 GH.
1348 4754 1361 4823 ΙΙ
1384 4753 1516 4824 sdreltae
1534 4757 1572 4806 H.
