3984 5825
769 597 815 643 aa
837 596 1105 648 assumserunt
1129 603 1194 652 nm.
1219 606 1265 651 1v.
1547 598 1587 661 87

393 765 424 811 10
442 749 584 814 lutamm
610 749 718 816 facere
745 761 820 815 sunt
848 753 962 816 coacti.
1012 763 1090 818 tunc
1113 754 1348 842 Callimachus,
1377 763 1433 846 qui
1456 774 1588 850 propter

441 851 638 936 elegantiam
653 861 685 917 et
707 851 922 918 subtilitatem
936 847 1023 919 'artis
1045 877 1244 923 marmoreae
1266 858 1308 922 ab
1330 862 1586 932 Atheniensibus

439 953 646 1019 catatechnos
674 950 781 1027 fuerat
802 955 1002 1036 nominatus,
1032 960 1232 1042 praeteriens
1259 961 1320 1025 hoc
1342 977 1585 1032 monumentum

439 1054 673 1121 animadvertit
700 1077 774 1120 eum
801 1056 965 1121 calathum
993 1067 1025 1122 et
1048 1059 1134 1124 circa
1155 1061 1308 1129 foliorum
1330 1076 1517 1132 nascentem
1538 1079 1584 1133 tc-

439 1158 613 1222 neritatem
624 1205 634 1240 ,
669 1155 913 1245 delectatusque
944 1180 1064 1244 genere
1098 1170 1130 1227 et
1157 1163 1280 1228 formae
1308 1167 1454 1232 novitate
1481 1169 1524 1232 ad
1551 1170 1620 1236 ido

439 1258 608 1346 exemplar
643 1258 809 1325 columnas
845 1259 934 1346 apud
974 1261 1162 1328 Corinthios
1199 1265 1278 1331 fecit
1314 1271 1585 1357 symmetriasque

440 1361 625 1445 constituit,
655 1369 688 1426 et
715 1382 759 1425 ex
787 1382 825 1425 eo
852 1362 888 1427 in
909 1384 1044 1450 operum
1066 1365 1321 1450 perfectionibus
1345 1368 1508 1436 Corinthii
1529 1395 1583 1457 ge·

384 1477 417 1525 11
439 1465 527 1528 neris
549 1462 718 1528 distribuit
740 1462 893 1529 rationes.
943 1466 1014 1528 eius
1036 1473 1145 1529 autem
1167 1467 1302 1554 capituli
1325 1475 1514 1556 symmetria
1537 1477 1586 1539 sic

438 1576 489 1630 est
503 1563 654 1631 facienda
666 1566 715 1628 uti
731 1573 852 1651 quanta
866 1564 966 1631 fuerit
981 1567 1163 1632 crassitudo
1185 1570 1270 1633 imae
1292 1568 1471 1656 columnae,
1494 1584 1585 1640 tanta

438 1669 483 1732 sit
509 1665 648 1732 altitudo
675 1665 813 1753 capituli
840 1688 914 1731 cum
940 1667 1053 1732 abaco.
1101 1668 1196 1733 abaci
1223 1668 1363 1736 latitudo
1392 1673 1438 1737 ita
1465 1674 1584 1742 habeat
1604 1695 1635 1741 ro

436 1769 597 1834 rationem
610 1777 647 1833 ut
662 1777 783 1854 quanta
797 1768 897 1834 fuerit
912 1767 1063 1850 altitudo,
1087 1778 1197 1836 tantae
1217 1770 1300 1834 duae
1322 1773 1389 1838 sint
1411 1775 1584 1859 diagonioe

435 1870 479 1935 ab
510 1868 629 1955 angulo
662 1869 705 1934 ad
736 1869 902 1955 angulum.
957 1872 1064 1958 spatia
1097 1871 1184 1937 enim
1216 1874 1262 1936 ita
1294 1873 1381 1938 iusta
1416 1875 1583 1944 habebunt

435 1973 560 2041 frontes
576 1993 819 2058 quoquoversus
842 1971 1038 2038 latitudinis.
1082 1972 1206 2038 frontes
1229 1973 1399 2041 sinuentur
1421 1978 1581 2045 introrsus

435 2074 655 2160 abextremis
677 2072 806 2158 angulis
829 2072 923 2137 abaci
944 2096 1023 2139 suae
1045 2073 1161 2140 frontis
1184 2075 1367 2141 latitudinis
1390 2101 1484 2142 nona.
1539 2082 1581 2144 ad

434 2177 539 2239 imum
561 2173 739 2261 capitulum
767 2183 891 2239 tantam
913 2173 1032 2239 habeat
1055 2176 1319 2260 crassitudinem,
1350 2189 1503 2264 quantam
1525 2182 1580 2246 ha·
1602 2198 1632 2246 15

434 2277 492 2343 het
515 2298 639 2341 summa
654 2276 803 2341 columna
824 2285 953 2362 praeter
974 2276 1157 2363 apothesim
1180 2289 1212 2342 et
1234 2278 1443 2364 astragalum.
1487 2283 1580 2348 abaci

380 2397 417 2444 12
434 2377 618 2446 crassitudo
640 2379 779 2466 septima
800 2377 934 2463 capituli
955 2377 1151 2443 altitudinis.
1196 2380 1327 2466 dempta
1348 2381 1441 2446 abaci
1464 2388 1581 2451 crassi-

433 2480 565 2564 tudine,
594 2479 763 2544 dividatur
789 2478 915 2567 reliqna
937 2503 1012 2567 pars
1034 2481 1069 2544 in
1091 2491 1200 2567 partes
1223 2492 1304 2566 tres,
1335 2504 1352 2546 e
1375 2485 1493 2571 quibus
1515 2510 1581 2551 una

434 2584 501 2648 imo
527 2582 605 2648 folio
633 2582 739 2647 detur.
789 2582 968 2647 secundum
997 2581 1112 2647 folium
1139 2583 1281 2648 mediam
1302 2578 1509 2653 altitudinem
1532 2598 1578 2653 te·

433 2695 520 2755 neat.
570 2681 720 2748 cauliculi
748 2683 885 2772 eandem
913 2683 1053 2749 habeant
1065 2682 1298 2769 altitudinem,
1321 2708 1338 2749 e
1361 2688 1478 2772 quibus
1501 2688 1579 2754 folia
1598 2706 1631 2754 20

433 2795 613 2853 nascuntur
645 2786 790 2873 proiecta
821 2786 871 2848 uti
903 2785 1070 2872 excipiant
1093 2808 1175 2871 quae
1208 2809 1250 2850 ex
1283 2786 1450 2854 cauliculis
1484 2801 1580 2856 natac

434 2896 629 2976 procurrunt
655 2886 699 2952 ad
721 2895 884 2952 extremos
906 2884 1043 2972 angulos
1066 2885 1209 2971 volutae,
1232 2888 1437 2975 minoresque
1459 2891 1579 2957 helices

434 2993 521 3056 intra
535 3013 629 3055 suum
643 2988 787 3053 medium
803 2990 859 3074 qui
874 2999 924 3054 est
945 2990 980 3054 in
1001 2987 1102 3053 abaco
1125 2988 1197 3052 flori
1220 2987 1359 3054 subiecti
1382 2988 1578 3078 scalpantur.

433 3094 530 3160 flores
558 3094 593 3157 in
620 3100 773 3178 quattuor
794 3090 942 3177 partibus
966 3100 1087 3176 quanta
1110 3092 1171 3154 crit
1193 3089 1287 3154 abaci
1309 3091 1489 3156 crassitudo
1511 3102 1577 3157 tam

433 3196 546 3281 magni
565 3194 755 3260 formentur.
798 3195 846 3258 ita
866 3193 917 3260 his
938 3193 1136 3281 symmetriis
1152 3191 1318 3263 corinthia
1340 3191 1481 3279 capitula
1503 3216 1577 3259 suas
1596 3212 1629 3261 25

432 3298 601 3366 habebunt
623 3297 820 3365 exactiones.

519 3398 603 3468 Sunt
616 3408 726 3466 autem
748 3418 832 3483 quae
852 3395 955 3460 isdem
971 3396 1130 3461 columnis
1145 3397 1346 3483 inponuntur
1361 3396 1577 3483 capitulorum

433 3522 555 3588 genera
575 3501 677 3566 variis
704 3496 872 3566 vocabulis
899 3499 1082 3581 nominata,
1112 3521 1248 3584 quorum
1275 3518 1335 3564 nec
1363 3500 1577 3585 proprietates

434 3674 661 3687 ——-.--

502 3775 718 3828 3catatechuos
742 3774 774 3823 H
792 3770 873 3836 (Llc):
898 3770 1097 3839 catatheclnos
1121 3773 1143 3823 G
1166 3769 1418 3835 (catatexitechnos
1442 3774 1508 3823 Ptin.
1533 3778 1576 3832 34,

435 3860 488 3925 92).
511 3858 523 3928 Η
546 3862 562 3913 'l
582 3864 610 3911 et
627 3862 687 3911 add.
707 3859 777 3909 Mar.
797 3857 843 3922 (ex
861 3872 947 3921 eoque
965 3859 1007 3912 ed.
1025 3856 1091 3921 Fl.):
1115 3873 1162 3909 om.
1183 3857 1236 3907 GH
1256 3855 1413 3919 (constituit
1437 3873 1470 3906 ex
1489 3873 1521 3907 eo
1542 3858 1574 3915 H,

435 3944 588 3996 constituit.
624 3946 716 3995 Exeo
735 3944 777 4008 G).
801 3939 813 4009 Η
836 3956 947 4007 operum
965 3943 1007 3995 ed.
1025 3943 1078 3994 Fa:
1103 3941 1193 4006 operis
1217 3942 1275 3991 GH.
1299 3937 1310 4005 Η
1333 3943 1348 3990 9
1368 3940 1500 3989 faciunda
1518 3949 1577 3990 ιιηιε

434 4063 503 4098 corr.
524 4046 545 4097 G
563 4034 684 4111 (-tfmda
703 4045 758 4108 G0).
781 4039 793 4111 Η
816 4048 847 4093 ut
866 4044 896 4096 G.
919 4039 932 4109 Η
955 4045 985 4091 11
1005 4046 1102 4092 tantae
1120 4042 1191 4108 duae
1210 4043 1266 4092 sint
1278 4040 1425 4105 diagonioe
1439 4040 1526 4101 (Scan.
1540 4042 1575 4103 cf.

433 4149 460 4197 p.
476 4134 518 4189 85,
537 4130 600 4194 25):
619 4129 772 4202 tantqduo
790 4128 847 4180 sint
866 4127 997 4191 diagonia
1018 4127 1076 4176 GH.
1094 4123 1106 4193 Η
1123 4128 1154 4175 12
1173 4127 1247 4175 iusta
1266 4124 1355 4174 Selia:
1374 4125 1461 4174 iustas
1482 4124 1540 4177 GH.
1562 4121 1573 4189 Η

435 4219 467 4266 13
485 4216 720 4266 clausurarum:
739 4214 873 4263 simentur
892 4212 945 4261 GH
960 4209 1113 4275 (sumentur
1132 4208 1186 4273 ιθ),
1210 4206 1221 4276 Η
1246 4210 1278 4258 14
1297 4206 1455 4273 labaugulis
1481 4208 1501 4257 G
1524 4207 1576 4270 (re-

432 4302 537 4365 petitum
555 4300 590 4350 ab
609 4301 676 4350 delet
696 4297 750 4361 G0).
774 4293 787 4363 Η
809 4294 884 4347 nona
901 4297 974 4347 Joat
992 4311 1047 4345 nou
1068 4297 1121 4346 GH
1141 4292 1288 4357 (hadimum
1307 4294 1340 4350 G,
1365 4308 1420 4342 non
1438 4291 1474 4341 ad
1493 4292 1575 4341 imum

434 4383 484 4448 H).
506 4380 519 4451 Η
543 4386 575 4435 15
594 4382 744 4451 capitulum
762 4382 846 4432 Mea:
865 4381 982 4447 capituli
1002 4381 1060 4433 GH.
1084 4377 1095 4447 Η
1125 4382 1155 4431 16
1173 4382 1285 4444 praeter
1312 4392 1359 4427 om.
1385 4377 1406 4427 G
1431 4377 1508 4439 (inter
1530 4379 1573 4430 lin.

433 4472 518 4535 suppl.
547 4468 602 4532 G0).
630 4464 643 4534 Η
671 4466 834 4533 apothesim:
867 4467 904 4515 sic
933 4466 992 4516 GH.
1022 4462 1034 4532 Η
1063 4468 1090 4514 et
1118 4460 1311 4525 astragalum.
1329 4461 1411 4511 abaci
1438 4477 1474 4513 or.
1503 4461 1573 4515 dou:

435 4561 464 4606 et
482 4554 566 4605 abaci
584 4551 754 4617 astragalum
773 4566 811 4603 cr.
830 4551 884 4601 GH
899 4551 964 4613 (siae
976 4548 1083 4613 interp.)
1107 4544 1118 4612 Η
1141 4549 1173 4596 20
1187 4544 1298 4594 coliculi
1318 4545 1339 4594 G
1357 4540 1425 4608 (Ll):
1447 4545 1577 4598 coaliculi

434 4656 466 4706 H
480 4652 544 4719 (ct).
561 4650 574 4721 Η
595 4656 627 4705 21
641 4653 767 4706 coliculis
787 4654 845 4704 GH.
862 4649 874 4720 Η
895 4655 927 4703 23
945 4650 1005 4700 flori
1023 4650 1100 4701 Lea:
1120 4649 1199 4698 flores
1214 4646 1271 4698 GH.
1289 4643 1348 4712 1128
1367 4629 1512 4711 νξαῑώιιίιε
1533 4648 1576 4702 G0.
