3984 5825
421 625 462 689 gg
909 615 1068 664 vrrauvu

420 787 678 880 symmetriarum
707 799 767 841 nec-
795 773 1018 838 columnarum
1045 788 1147 852 genus
1182 763 1272 828 aliud
1298 765 1468 828 nominare
1496 787 1570 849 pos-

421 913 547 970 sumus,
581 882 639 948 sed
673 881 817 965 ipsorum
853 869 1013 937 vocabula
1045 866 1196 932 traducta
1230 875 1263 930 et
1296 874 1495 930 commutata
1528 887 1571 928 ex

421 989 591 1059 corinthiis
619 992 650 1045 et
679 978 856 1067 pulvinatis
879 984 912 1038 et
935 972 1056 1037 doricis
1079 968 1245 1050 videmus,
1269 990 1407 1053 quorum
1429 989 1570 1055 symme-

422 1096 505 1160 triae
527 1096 602 1152 sunt
628 1085 662 1147 in
689 1101 847 1145 novarum
875 1073 1111 1161 scalpturarum
1139 1068 1314 1134 translatae
1341 1068 1570 1133 subtilitatem.

384 1210 410 1261 11
509 1188 673 1271 Quoniam
699 1191 807 1246 autem
835 1178 876 1242 de
903 1174 1078 1262 generibus
1111 1170 1334 1236 colunmarurn
1367 1172 1511 1256 origines
1540 1181 1604 1233 etl

390 1293 629 1360 oinventiones
658 1305 756 1370 supra
783 1290 858 1344 sunt
886 1279 1044 1363 scriptae,
1072 1297 1138 1339 non
1165 1272 1306 1337 alienum
1336 1273 1417 1336 mihi
1440 1272 1573 1336 videtur

426 1395 529 1462 isdem
557 1386 737 1454 rationibus
767 1381 808 1445 de
836 1378 1034 1445 ornamentis
1063 1398 1173 1440 eorum
1201 1372 1475 1462 quemadmodum
1497 1385 1573 1438 sunt

426 1502 586 1584 prognata
613 1498 645 1551 et
674 1484 792 1571 quihus
821 1481 993 1568 principiis
1021 1487 1053 1543 et
1081 1476 1264 1561 originibus
1290 1477 1426 1541 inventa
1452 1476 1572 1540 dicere.

427 1600 461 1661 in
494 1591 653 1657 aedificiis
686 1586 836 1651 omnibus
869 1585 1002 1669 insuper
1033 1578 1220 1644 conlocatur
1254 1579 1437 1642 materiatio
1471 1579 1572 1641 variis

382 1716 412 1764 10
433 1691 600 1762 vocabulis
623 1689 799 1765 nominata.
845 1708 882 1749 ea
904 1694 1013 1747 autem
1034 1682 1083 1746 uti
1104 1682 1140 1744 in
1160 1678 1448 1762 nominationibus,
1471 1679 1517 1743 ita
1539 1681 1575 1742 in

427 1821 463 1863 re
492 1796 598 1859 varias
628 1792 727 1856 habet
753 1787 923 1854 utilitates.
967 1783 1076 1849 trabes
1105 1783 1192 1846 enim
1219 1803 1318 1868 supra
1344 1779 1510 1845 columnas
1542 1790 1575 1844 et

428 1898 641 1988 parastaticas
670 1903 701 1958 et
722 1901 815 1972 antas
838 1896 1018 1976 ponuntur,
1046 1887 1082 1950 in
1108 1882 1405 1968 contignationibus
1428 1882 1521 1967 tigna
1543 1891 1575 1945 et

428 2023 518 2066 axes.
564 1997 624 2063 sub
653 1995 765 2078 tectis,
794 1995 822 2056 si
849 1993 971 2055 maiora
998 1988 1104 2074 spatia
1125 1995 1217 2068 sunt,
1251 1994 1284 2049 et
1304 1993 1446 2049 transtra
1468 1993 1501 2049 et
1522 2007 1574 2047 ca-

431 2102 550 2192 precli,
584 2103 612 2164 si
641 2095 823 2174 commoda,
859 2091 1008 2154 columen
1036 2099 1067 2151 et
1096 2087 1256 2159 cantherii
1287 2086 1505 2174 prominentes
1531 2085 1576 2150 ad

382 2226 413 2275 15
432 2214 610 2270 extremam
629 2192 950 2280 suggrundationem.
992 2211 1090 2273 supra
1105 2188 1287 2253 cantherios
1302 2187 1433 2275 templa,
1457 2186 1578 2251 deinde

433 2310 564 2393 insuper
586 2299 646 2364 sub
668 2292 793 2378 tegulas
817 2313 939 2354 asseres
963 2292 1009 2353 ita
1031 2291 1251 2375 prominentes
1278 2290 1327 2354 uti
1342 2290 1481 2376 parietes
1503 2312 1576 2377 pro-

433 2405 564 2472 iecturis
598 2419 708 2463 eorum
740 2403 901 2477 tegantur.
950 2393 996 2455 ita
1023 2413 1237 2478 unaquaeque
1268 2414 1320 2456 res
1350 2401 1381 2456 et
1409 2390 1516 2457 locum
1544 2400 1610 2458 eta

433 2527 533 2593 genus
568 2510 600 2565 et
625 2497 778 2585 ,ordinem
814 2495 980 2580 proprium
1013 2501 1130 2556 tuetur.
1182 2515 1199 2556 e
1228 2494 1345 2579 quibus
1373 2493 1470 2558 rebus
1499 2504 1531 2559 et
1558 2517 1579 2557 a

433 2605 641 2671 materiatura
662 2594 772 2658 fabrili
796 2596 829 2657 in
851 2594 988 2681 lapideis
1013 2604 1044 2659 et
1064 2597 1253 2659 marmoreis
1268 2596 1400 2659 aedium
1414 2617 1579 2669 sacrarum

382 2728 415 2776 20
433 2697 715 2772 aedificationibus
742 2696 882 2760 artifices
911 2697 1140 2783 dispositiones
1168 2719 1279 2761 eorum
1308 2695 1479 2783 scalpturis
1502 2707 1579 2761 sunt

434 2806 554 2873 imitati
583 2812 614 2865 et
643 2821 696 2862 eas
730 2799 935 2863 inventiones
971 2796 1211 2886 persequendas
1245 2808 1453 2886 putaverunt.
1502 2796 1577 2862 ideo

434 2905 520 2996 quod
542 2902 669 2987 antiqui
691 2899 777 2965 fabri
806 2901 947 2988 quodam
968 2901 1003 2965 in
1024 2899 1095 2966 loco
1117 2900 1343 2985 aedificantes,
1374 2923 1447 2967 cum
1467 2901 1513 2965 ita
1534 2900 1577 2966 ab

434 3004 642 3074 interioribus
665 3004 844 3089 parietibus
866 3003 908 3066 ad
931 3013 1094 3067 extremas
1117 3012 1226 3089 partes
1248 3006 1340 3089 tigna
1361 3004 1580 3091 prominentia

434 3109 623 3175 habuissent
645 3104 823 3187 conlocata,
846 3107 931 3170 inter
954 3106 1047 3189 tigna
1062 3112 1252 3169 stnrxerunt
1267 3127 1429 3193 supraque
1445 3126 1579 3170 coronas

384 3231 417 3280 ao
435 3220 466 3276 et
488 3207 620 3291 fastigia
642 3208 829 3271 venustiore
856 3206 963 3292 speeie
991 3205 1164 3270 fabrilibus
1195 3206 1347 3293 operibus
1369 3217 1579 3289 ornaverunt,

434 3323 503 3377 tum
525 3308 724 3395 proiecturas
748 3308 912 3391 tignorum
941 3315 1098 3395 quantum
1127 3306 1314 3373 eminebant
1340 3309 1382 3371 ad
1405 3307 1525 3373 lineam
1548 3318 1581 3373 et

434 3406 699 3501 perpendiculum
721 3409 880 3495 parietum
902 3418 1165 3494 praesecuerunt,
1189 3432 1271 3494 quae
1294 3410 1418 3497 species
1441 3432 1515 3474 cum
1530 3411 1578 3474 in-

435 3520 573 3578 venusta
604 3511 631 3572 is
660 3510 732 3572 visa
760 3519 844 3573 esset
870 3508 1007 3573 tabellas
1035 3510 1082 3573 ita
1114 3510 1269 3574 formatas
1301 3512 1352 3575 uti
1383 3533 1470 3576 nunc
1498 3511 1581 3585 fiunt

435 3612 594 3699 triglyphi
621 3622 733 3675 eontra
761 3614 924 3697 tignorum
952 3612 1169 3698 praecisiones
1194 3613 1233 3675 -in
1254 3612 1361 3677 fronte
1383 3612 1526 3677 fixerunt
1549 3624 1581 3677 ct

386 3735 419 3783 30
436 3737 490 3780 eas
513 3735 586 3777 cera
608 3712 755 3777 caerulea
770 3714 990 3801 depinxerunt
1012 3723 1047 3778 ut
1062 3714 1279 3800 praecisiones
1295 3716 1460 3800 tignorum
1475 3724 1581 3781 tectae

435 3838 501 3881 non
528 3812 727 3880 offenderent
754 3815 882 3879 visum:
916 3816 963 3880 ita
991 3816 1169 3882 divisiones
1196 3816 1363 3901 tignorum
1390 3824 1496 3881 tectae
1523 3818 1580 3881 tri·

504 4030 696 4082 adorasse.
725 4016 737 4095 ll
767 4032 796 4080 11
819 4046 849 4080 re
872 4032 943 4082 loa:
971 4046 1016 4080 res
1042 4031 1099 4084 GH.
1125 4026 1136 4098 ll
1165 4033 1260 4081 tranas
1282 4038 1341 4082 ante
1359 4047 1428 4098 corr.
1446 4031 1484 4084 H.
1507 4027 1519 4097 Η
1550 4035 1581 4083 13

438 4116 531 4181 spatia
548 4119 612 4166 sunt
631 4119 659 4165 et
672 4118 806 4166 transtra:
825 4116 862 4164 sic
876 4114 933 4164 GH.
957 4116 984 4164 in
995 4117 1070 4166 codd.
1089 4115 1144 4181 (qut
1154 4130 1190 4165 ea
1204 4113 1237 4176 G)
1255 4131 1308 4168 ree.
1318 4122 1378 4180 post
1392 4119 1455 4171 sunt
1475 4117 1582 4180 irrepsit

438 4202 523 4264 plesse
545 4202 580 4249 art
601 4216 654 4250 voe.
666 4199 801 4251 columen
820 4197 852 4261 (a.
872 4201 925 4259 14).
952 4195 963 4265 ll
992 4199 1116 4265 capreoli
1135 4200 1156 4250 G
1174 4198 1277 4263 l-eoli
1296 4200 1355 4262 dcl:
1379 4199 1535 4264 capraeolis
1552 4201 1584 4248 H

441 4281 588 4348 (capreolis
606 4285 644 4346 cl,
664 4282 806 4348 capraeoli
823 4281 868 4346 L).
891 4277 903 4348 ΙΙ
928 4285 964 4332 14-
978 4287 1056 4335 como
1071 4284 1075 4348 Ι
1092 4284 1217 4335 colnmcn
1239 4290 1299 4334 ante
1321 4300 1390 4335 corr.
1411 4283 1432 4333 (ι’
1454 4283 1501 4346 (da
1521 4292 1583 4348 post
1606 4319 1610 4326 .

440 4412 515 4460 ccmo
533 4415 616 4475 suppl.
638 4407 760 4476 60).1t1s
779 4409 942 4476 subtegulas
958 4409 1035 4461 seres
1047 4414 1106 4461 ante'
1125 4427 1192 4465 corr.
1208 4411 1237 4463 G.
1250 4406 1263 4478 ΙΙ
1275 4365 1384 4462 adddlbns
1404 4410 1426 4459 L
1445 4409 1491 4474 (cs.
1508 4412 1587 4476 Graff

440 4493 481 4553 II,
501 4493 571 4556 494).
595 4490 607 4560 ΙΙ
627 4495 792 4560 proiecturis
815 4495 861 4556 (G0
878 4502 904 4544 et
925 4496 941 4545 ll
963 4512 1017 4545 cum
1039 4496 1118 4560 rec.):
1145 4496 1313 4560 protecturis
1336 4495 1368 4543 H
1388 4494 1448 4559 (Le)
1475 4502 1501 4545 et
1522 4504 1582 4545 ante

440 4592 507 4627 corr.
523 4576 551 4627 G.
568 4573 580 4642 ΙΙ
596 4579 628 4627 26
641 4580 798 4643 proiectura
807 4576 810 4642 l
819 4580 1013 4644 stignorumH
1025 4580 1044 4643 (l
1055 4586 1080 4631 et
1090 4586 1149 4630 ante
1159 4594 1228 4630 corr.
1239 4579 1273 4642 c).
1290 4575 1301 4645 ΙΙ
1318 4584 1346 4629 ct
1356 4578 1582 4644 perpendicnlum

445 4660 485 4708 II:
506 4660 735 4725 adppendiculum
755 4664 776 4712 G
795 4661 926 4746 (dadpp.
944 4668 1029 4729 suppl.
1049 4665 1102 4729 6⁶).
1126 4660 1137 4729 ΙΙ
1160 4665 1193 4714 28
1211 4665 1248 4713 is:
1265 4663 1310 4714 his
1330 4663 1383 4714 GH
1399 4662 1456 4728 (Le,
1475 4665 1499 4714 is
1517 4662 1545 4727 l).
1570 4695 1573 4699 ⁴
