3984 5825
504 639 566 702 128
992 653 1149 703 viruuvn

503 808 647 894 porticus
670 814 753 886 tres,
777 828 843 869 una
864 828 906 869 ex
928 807 1098 893 peristylio
1122 807 1329 889 exeuntibus,
1353 808 1437 872 duae
1459 810 1577 873 dextra
1599 820 1649 874 at-

503 930 566 994 que
593 909 727 972 sinistra
754 908 931 989 stadiatae,
959 931 1001 971 ex
1028 910 1147 995 quibus
1174 913 1239 973 una
1268 932 1350 995 quae
1379 913 1578 996 spectaverit
1605 911 1651 974 ad

504 1011 771 1096 septentrionem,
800 1011 987 1096 perficiatur
1010 1011 1133 1098 duplex
1159 1011 1361 1098 amplissima
1383 1011 1573 1095 latitudine,
1601 1012 1649 1075 al-

503 1121 591 1176 terae
613 1110 778 1197 simplices
808 1113 855 1176 ita
876 1110 983 1175 factae
1005 1115 1054 1175 nti
1075 1115 1111 1176 in
1132 1113 1280 1200 partibus
1312 1135 1395 1200 quae
1418 1114 1540 1178 suerint
1562 1116 1651 1177 circa

470 1215 644 1299 eparietes
674 1223 705 1276 et
734 1235 816 1299 quae
844 1224 938 1277 erunt
959 1214 1002 1276 ad
1025 1214 1206 1295 columnas,
1237 1217 1401 1299 margines
1429 1215 1572 1279 habeant
1600 1219 1650 1280 uti

505 1315 636 1379 semitas
658 1337 722 1379 non
745 1317 851 1379 minus
874 1315 994 1402 pedum
1018 1315 1136 1381 denum
1158 1316 1366 1403 mediumque
1382 1328 1579 1383 excavatum
1601 1320 1651 1382 uti

503 1416 625 1501 gradus
654 1418 720 1481 sint
747 1419 780 1480 in
808 1416 966 1481 descensu
994 1440 1014 1481 a
1035 1419 1238 1502 marginibus
1266 1419 1493 1506 sesquipedem
1514 1419 1558 1483 ad
1579 1419 1650 1506 pla·

504 1519 634 1600 nitiem,
671 1541 753 1605 quac
786 1518 936 1605 planities
970 1520 1013 1583 sit
1040 1542 1103 1583 non
1137 1521 1244 1583 minus
1277 1521 1377 1607 pedes
1404 1539 1467 1584 ΧΗ.
1517 1522 1565 1584 ita
1593 1521 1651 1606 qui

505 1621 617 1684 vestiti
639 1621 880 1686 ambulaverint
903 1623 1025 1685 circum
1047 1623 1081 1684 in
1103 1621 1323 1706 marginibus,
1353 1645 1419 1687 non
1440 1623 1652 1709 inpedientur

455 1730 487 1778 10
503 1722 545 1786 ab
567 1725 674 1786 unctis
688 1744 732 1785 se
754 1724 993 1787 exercentibus.
1031 1723 1111 1786 haec
1131 1732 1240 1786 autem
1260 1725 1404 1810 porticus
1421 1724 1541 1800 ξυστος
1561 1721 1651 1810 apud
1669 1760 1686 1807 4

506 1823 649 1888 Graecos
683 1826 862 1906 vocitatur,
897 1826 984 1911 quad
1018 1825 1159 1888 athletae
1186 1847 1245 1910 per
1271 1824 1408 1891 hiberna
1440 1835 1588 1912 tempora
1616 1826 1651 1888 in

504 1927 599 1989 tectis
623 1926 738 1991 stadiis
762 1937 965 1991 exercentur.
1002 1927 1150 2015 proxime
1164 1935 1273 1990 autem
1287 1937 1422 2013 xystum
1438 1937 1470 1990 et
1485 1926 1651 2014 duplicem

505 2029 664 2115 porticum
687 2027 900 2113 designentur
921 2027 1122 2116 hypaethroe
1144 2028 1396 2109 ambulationes,
1425 2051 1506 2114 quas
1530 2028 1653 2093 Graeci

507 2132 775 2215 παραδρομιδας,
803 2133 907 2194 nostri
929 2139 1029 2217 xysta
1050 2130 1231 2217 appellant,
1265 2132 1301 2195 in
1322 2153 1401 2217 quas
1430 2152 1488 2216 per
1509 2129 1652 2194 hiemem

458 2243 489 2292 15
508 2253 550 2294 ex
571 2242 670 2319 xysto
694 2254 808 2296 sereno
842 2231 930 2296 caelo
963 2232 1104 2296 athletae
1131 2233 1326 2318 prodeuntes
1355 2242 1560 2295 exercentur.
1605 2232 1652 2293 fa-

507 2334 626 2398 ciunda
647 2342 756 2397 autem
776 2343 876 2421 xysta
904 2335 951 2397 sic
972 2333 1127 2398 videntur
1147 2343 1184 2399 ut
1206 2336 1272 2399 sint
1294 2335 1379 2397 inter
1401 2334 1481 2398 duas
1504 2333 1651 2419 porticus

481 2436 611 2505 silvae
643 2444 699 2499 aut
727 2435 918 2521 platanones
951 2445 982 2500 et
1010 2437 1044 2499 in
1073 2436 1124 2500 his
1157 2436 1367 2523 perficiantur
1397 2437 1484 2499 inter
1516 2435 1651 2499 arbores

507 2536 743 2603 ambulationes
766 2537 877 2623 ibique
900 2560 941 2601 ex
963 2560 1061 2624 opere
1079 2539 1207 2622 signino
1223 2539 1390 2601 stationes.
1427 2546 1501 2624 post
1516 2546 1652 2624 xystum

507 2648 615 2702 autem
638 2638 779 2704 stadium
802 2641 848 2703 ita
869 2640 1044 2724 figuratum
1065 2651 1102 2705 ut
1122 2641 1250 2726 possint
1264 2639 1431 2703 hominum
1447 2640 1561 2725 copiae
1577 2661 1652 2702 cum

457 2747 491 2799 20
508 2740 692 2806 laxamento
713 2742 853 2819 athletas
875 2751 1036 2806 certantes
1059 2752 1215 2829 spectare.

593 2843 686 2925 Quae
716 2845 750 2908 in
778 2844 949 2909 moenibus
976 2846 1160 2910 necessaria
1187 2842 1384 2934 videbantur
1411 2863 1483 2904 esse
1512 2851 1547 2905 ut
1573 2851 1651 2929 apte

435 2958 490 3007 xll
508 2948 736 3035 disponantur,
771 2948 957 3035 perscripsi.
1013 2948 1054 3010 de
1080 2944 1324 3034 opportunitate
1356 2953 1465 3009 autem
1497 2953 1652 3031 portuum

507 3072 571 3114 non
600 3060 649 3115 est
676 3050 1018 3137 praetermittendum,
1053 3048 1111 3112 sed
1139 3048 1256 3136 quibus
1286 3046 1470 3112 rationibus
1496 3040 1653 3110 tueantur

507 3173 608 3215 naves
629 3153 664 3215 in
685 3152 737 3215 his
758 3152 800 3216 ab
822 3150 1071 3239 tempestatibus
1094 3148 1335 3236 explicandum.
1372 3150 1406 3213 hi
1426 3157 1535 3211 autem
1557 3158 1650 3212 natu·

577 3345 590 3390 l
609 3341 743 3406 peristylo
762 3342 799 3390 H.
823 3338 836 3407 ll
857 3342 1007 3391 exuntibus
1025 3349 1085 3390 ante
1102 3356 1171 3395 ems.
1191 3340 1220 3393 G.
1245 3335 1257 3404 l}
1281 3339 1393 3389 dextrae
1410 3345 1470 3388 ante
1487 3354 1557 3388 corr.
1576 3339 1613 3387 H.
1634 3338 1649 3402 Η

508 3429 525 3476 3
543 3426 650 3477 alterae
669 3424 811 3490 simplices
829 3428 868 3475 ita
888 3427 980 3476 factae
999 3427 1132 3475 Ferrarii:
1160 3424 1250 3474 altera
1267 3423 1383 3488 simplex
1403 3424 1445 3472 ita
1462 3422 1542 3472 iacta
1560 3422 1620 3473 GH.
1636 3420 1652 3487 ΙΙ

508 3530 624 3577 bemnt
640 3528 681 3576 ed.
700 3525 790 3589 (rer.):
818 3528 871 3575 erit
890 3528 949 3576 GH.
972 3524 983 3592 ll
1007 3526 1143 3576 habeant:
1166 3527 1205 3575 sic
1223 3526 1282 3577 GH.
1303 3522 1317 3591 ΙΙ
1340 3528 1355 3576 'l
1375 3541 1392 3574 a
1414 3526 1476 3574 cdd.
1495 3524 1553 3575 Joe.
1575 3521 1589 3591 ss
1606 3515 1653 3593 ies

509 3610 643 3676 qmlpede
662 3610 691 3669 G,
710 3610 905 3675 sesquipedem
923 3612 952 3660 H
970 3611 1056 3673 (Lie):
1075 3611 1239 3675 sesquipede
1258 3611 1328 3661 Har.
1349 3606 1362 3675 ΙΙ
1384 3612 1417 3660 10
1435 3608 1470 3657 ab
1488 3606 1582 3658 unctis
1594 3608 1654 3659 Sai-

508 3698 613 3746 mcaias:
633 3695 778 3745 abeunctis
797 3695 856 3745 GH.
878 3691 891 3759 {l
914 3692 1045 3760 xy(i)stos
1069 3695 1127 3749 GH.
1149 3691 1162 3760 ll
1188 3697 1217 3744 11
1237 3694 1359 3760 atheletp
1378 3694 1412 3754 G,
1435 3690 1555 3753 athl&ae
1577 3694 1615 3743 H.
1638 3692 1651 3757 ΙΙ

510 3783 542 3831 12
560 3779 659 3830 stadiis
676 3785 736 3829 ante
752 3794 806 3828 ras.
825 3780 876 3831 H.:
895 3778 995 3828 studiis
1009 3779 1073 3829 GH‘
1084 3778 1164 3845 (Lle),
1180 3776 1193 3845 ΙΙ
1211 3782 1383 3831 exercentur.
1400 3777 1546 3827 Facienda
1558 3783 1653 3826 autem

508 3870 635 3930 xysta-
646 3865 793 3914 stationes.
819 3863 945 3913 Proxime
968 3868 1061 3914 autem
1073 3890 1106 3898 -
1119 3866 1292 3914 exercentur.
1324 3863 1394 3912 Post
1415 3867 1524 3928 xystum
1542 3870 1591 3913 ete.
1612 3864 1654 3911 sie

511 3951 570 4005 GH.
595 3951 681 4016 itaque
697 3949 835 4013 archetypi
847 3951 962 4013 scriptor
979 3952 1023 4014 qni
1039 3952 1190 3999 adnitentur
1209 3952 1372 3999 exercentur
1389 3949 1567 4009 admnonet,
1585 3962 1653 4012 qrme

508 4037 601 4087 mssa
620 4038 700 4085 aeusi
720 4035 807 4084 stada
827 4034 951 4092 aiddu,
978 4036 1058 4097 apris
1077 4050 1128 4098 pre
1144 4049 1214 4084 nore
1235 4036 1262 4083 in
1278 4035 1391 4098 margine
1413 4039 1511 4084 notata.
1536 4034 1653 4081 ordinem

508 4137 525 4170 a
543 4120 683 4169 Philonem
699 4120 841 4169 admonitae
858 4120 965 4169 redemi
981 4119 1130 4170 Schneider.
1154 4114 1167 4184 ss
1188 4118 1293 4168 mxime
1315 4125 1376 4190 ante
1397 4134 1467 4168 corr.
1487 4116 1510 4166 G
1531 4115 1568 4178 (in
1583 4131 1653 4165 uera.

507 4204 565 4264 ia).
589 4200 602 4269 ΙΙ
626 4207 657 4254 13
674 4203 860 4269 hypaethroe:
881 4201 1122 4269 hypetrolbypicro
1140 4203 1178 4264 H)
1194 4218 1245 4251 eae
1264 4202 1316 4252 GH
1332 4201 1462 4268 (hypetro
1479 4202 1533 4250 hae
1552 4203 1585 4260 L,
1603 4201 1654 4264 hy-

508 4288 651 4354 petro.he
668 4286 712 4350 ic).
726 4282 740 4353 ss
758 4289 790 4337 14
806 4285 1028 4353 parathromidas
1046 4287 1077 4349 G,
1094 4286 1301 4352 paradromidas
1319 4288 1347 4336 H
1363 4284 1445 4352 (arc).
1462 4283 1476 4353 ΙΙ
1492 4289 1525 4337 15
1543 4286 1653 4336 athlete

510 4375 541 4432 G,
559 4371 657 4423 atldtae
677 4373 713 4421 H.
736 4369 749 4437 ΙΙ
776 4372 921 4422 faciunda:
947 4373 986 4421 sic
1010 4371 1061 4420 GH
1083 4371 1184 4433 (mut,
1211 4371 1332 4420 facunda
1353 4380 1414 4420 aute
1435 4388 1505 4423 ron.
1524 4371 1558 4435 e).
1581 4367 1593 4436 ΙΙ
1620 4373 1654 4420 16

509 4464 591 4522 xysta
609 4459 637 4507 H
653 4457 748 4520 (syxta
764 4459 781 4518 i,
800 4457 873 4506 sirta
890 4456 942 4520 rh),
959 4456 1033 4505 rista
1051 4456 1073 4504 G
1091 4454 1147 4519 (L).
1172 4452 1184 4519 ll
1206 4457 1237 4506 l'i
1255 4454 1421 4520 platanones
1438 4461 1468 4506 et
1484 4457 1554 4507 loe:
1573 4454 1654 4519 plata

509 4557 564 4592 neu
586 4540 656 4593 ess&
674 4542 765 4604 H(1‹·,
787 4541 920 4606 platanon
938 4546 1015 4590 esset
1035 4538 1083 4603 L),
1107 4539 1185 4604 plata
1202 4554 1257 4589 uon
1274 4543 1321 4590 e‘et
1339 4541 1369 4589 G.
1392 4536 1405 4605 ΙΙ
1431 4543 1466 4589 20
1487 4539 1610 4590 athletas
1631 4540 1654 4588 G

510 4624 558 4686 (tt.
577 4626 718 4677 athlaetas
736 4624 786 4688 1.):
806 4624 924 4675 athlirau
948 4627 975 4674 H
998 4625 1053 4690 (vi,
1073 4624 1181 4676 adldau
1192 4625 1223 4691 1).
1246 4623 1259 4693 ll
1279 4629 1313 4676 st
1332 4627 1368 4676 ab
1387 4626 1438 4675 GH
1460 4624 1505 4689 (L,
1522 4627 1558 4676 eb
1576 4624 1620 4688 ir).
1637 4622 1651 4687 ll

510 4709 549 4760 111
567 4713 596 4767 G,
615 4711 654 4760 tit
672 4712 700 4760 H
718 4709 787 4776 (Ge),
