3984 5825
517 720 575 781 118
1005 730 1164 777 vrrauvn

511 886 665 950 libratum
688 883 890 971 perficiatur,
919 882 993 946 idco
1022 883 1109 968 quod
1137 905 1205 946 vox
1233 904 1381 945 crescens
1410 880 1592 967 aequaliter
1614 883 1657 944 ad

512 1009 654 1052 summas
688 985 897 1070 gradationes
926 993 959 1047 ct
985 992 1108 1047 tectum
1135 985 1315 1070 perveniet.
1368 1005 1507 1069 namque
1534 983 1563 1045 si
1591 1006 1659 1046 non

513 1091 574 1153 erit
600 1086 752 1174 aequale,
782 1108 846 1172 quo
874 1087 982 1148 minus
1010 1083 1110 1148 fuerit
1139 1085 1255 1163 altum,
1286 1108 1353 1149 vox
1374 1085 1592 1171 praeripietur
1615 1085 1659 1148 ad

513 1213 584 1254 earn
611 1188 819 1254 altitudinem
848 1188 890 1251 ad
913 1209 1011 1272 quam
1033 1188 1204 1273 perveniet
1225 1189 1340 1273 primo.
1385 1186 1551 1251 orchestra
1573 1189 1694 1250 intera

479 1290 634 1378 sgradus
663 1294 745 1356 imos
774 1311 872 1375 quam
895 1288 1078 1352 diametron
1100 1287 1267 1371 habuerit,
1297 1290 1367 1353 eius
1390 1297 1485 1352 sexta
1506 1310 1586 1375 pars
1606 1312 1659 1352 su-

514 1402 633 1474 matur,
666 1402 698 1455 et
731 1393 765 1454 in
797 1390 952 1454 cornibus
986 1390 1150 1475 utrimque
1180 1389 1223 1468 ad
1250 1390 1360 1456 aditus
1390 1390 1458 1452 eius
1487 1411 1661 1471 mensurae

514 1492 746 1582 perpendiculo
769 1491 940 1555 inferiores
963 1490 1058 1554 sedes
1081 1490 1329 1577 praecidantur,
1358 1500 1391 1554 et
1413 1512 1477 1578 qua
1498 1492 1660 1576 praecisio

516 1597 631 1677 fuerit,
656 1595 703 1658 ibi
726 1595 965 1657 constituantur
986 1593 1141 1655 itinerum
1164 1592 1350 1680 supercilia.
1400 1594 1446 1656 ita
1469 1593 1556 1655 enim
1579 1594 1660 1656 satis

517 1696 725 1761 altitudinem
746 1694 912 1759 habebunt
935 1716 1047 1757 eorum
1062 1693 1367 1758 confornicationes.
1404 1715 1539 1757 scaenae
1554 1693 1660 1778 longi·
1679 1707 1694 1753 6

468 1816 498 1866 ιο
515 1799 595 1862 tudo
612 1799 653 1861 ad
676 1797 862 1862 orchestrae
877 1796 1060 1860 diametron
1083 1793 1206 1881 duplex
1226 1795 1297 1859 fieri
1321 1795 1430 1860 debet.
1474 1794 1566 1882 podii
1588 1795 1661 1858 alti-

516 1899 595 1964 tudo
622 1899 664 1963 ab
692 1898 888 1961 libramento
917 1896 1036 1984 pulpiti
1064 1918 1137 1959 cum
1165 1918 1284 1961 corona
1312 1906 1345 1961 et
1370 1897 1435 1985 lysi
1458 1889 1663 1960 duodecuma

516 2001 701 2064 orchestrae
730 1999 892 2062 diametri.
937 2021 1036 2084 supra
1063 1998 1198 2085 podium
1221 1998 1390 2063 columnae
1412 2021 1487 2061 cum
1509 1997 1663 2084 capitulis

516 2112 550 2166 et
577 2103 674 2188 spiris
702 2100 788 2164 altae
816 2108 932 2186 quarta
960 2110 1054 2186 parte
1081 2098 1228 2180 eiusdem
1256 2100 1424 2184 diametri,
1454 2099 1609 2185 epistylia
1630 2111 1663 2163 et

517 2212 707 2267 ornamenta
722 2224 832 2265 earum
856 2200 1078 2266 columnarum
1101 2199 1285 2277 altitudinis
1308 2203 1422 2287 quinta
1443 2209 1547 2287 parte.
1592 2201 1662 2288 plu-

468 2320 501 2368 15
521 2316 609 2367 teum
638 2306 775 2389 insuper
800 2325 874 2365 cum
904 2303 992 2365 unda
1015 2312 1047 2365 et
1070 2323 1188 2365 corona
1210 2302 1375 2368 inferioris
1398 2302 1502 2388 plutei
1524 2303 1664 2366 dimidia

517 2414 619 2492 parte.
664 2427 764 2491 supra
792 2403 827 2466 id
856 2403 1003 2490 pluteum
1026 2402 1193 2466 columnae
1216 2413 1333 2490 quarta
1354 2413 1446 2491 parte
1468 2405 1595 2468 minore
1617 2403 1662 2467 al-

517 2506 659 2571 titudine
687 2508 753 2570 sint
780 2528 877 2590 quam
905 2506 1085 2586 inferiores,
1109 2506 1263 2592 epistylia
1285 2515 1317 2568 et
1339 2514 1529 2569 ornamenta
1552 2528 1663 2569 earum

497 2664 500 2670 .
518 2608 740 2673 columnarum
770 2609 885 2694 quinta
912 2617 1015 2694 parte.
1069 2608 1148 2670 item
1171 2609 1199 2670 si
1221 2609 1320 2671 tertia
1342 2609 1530 2695 episcaenos
1552 2607 1665 2671 futura

518 2712 596 2792 erit,
630 2711 773 2774 mediani
801 2708 903 2796 plutei
933 2731 1095 2773 summum
1123 2710 1166 2772 sit
1194 2708 1332 2772 dimidia
1353 2719 1461 2796 parte,
1495 2708 1665 2773 columnae

467 2829 501 2876 20
518 2832 663 2874 summae
690 2809 914 2874 medianarum
935 2812 1044 2874 minus
1067 2810 1153 2874 altae
1176 2811 1241 2874 sint
1264 2819 1379 2896 quarta
1400 2820 1509 2896 parte,
1539 2812 1663 2897 episty-

517 2911 563 2976 lia
589 2936 665 2977 cum
687 2914 813 2978 coronis
837 2935 947 2978 earum
970 2911 1192 2977 columnarum
1214 2913 1294 2976 item
1314 2911 1456 2977 habeant
1477 2911 1663 2977 altitudinis

519 3017 666 3102 quintam
688 3024 825 3103 partem.
1203 3018 1204 3021 ’

604 3118 674 3181 Nec
705 3127 815 3181 tamen
842 3118 878 3180 in
905 3116 1056 3182 omnibus
1085 3116 1221 3182 theatris
1249 3118 1459 3204 symmetriae
1485 3117 1529 3180 ad
1550 3133 1696 3182 omnes7

518 3220 662 3283 rationes
693 3227 725 3282 et
752 3219 884 3282 effectus
912 3227 1049 3305 possunt
1075 3218 1288 3304 respondere,
1318 3217 1376 3282 sed
1404 3227 1531 3305 oportet
1559 3218 1664 3283 archi-

469 3336 502 3385 25
520 3330 643 3384 tectum
671 3319 933 3384 animadvertere
960 3319 1079 3406 quibus
1108 3320 1371 3430 prgportionibus
1393 3342 1527 3384 necesse
1549 3322 1593 3385 sit
1615 3344 1663 3384 se-

520 3424 577 3508 qui
605 3423 829 3507 symmetriam
858 3431 890 3484 et
911 3421 1032 3507 quibus
1058 3422 1102 3485 ad
1129 3421 1192 3486 loci
1213 3431 1363 3485 naturam
1386 3431 1443 3485 aut
1464 3422 1664 3508 magnitudi-

520 3544 595 3585 nem
623 3523 729 3609 operis
757 3524 943 3608 temperari.
988 3532 1065 3587 sunt
1092 3524 1180 3591 enim
1200 3546 1252 3587 res
1276 3545 1361 3608 quas.
1379 3533 1412 3587 et
1433 3525 1468 3586 in
1490 3523 1610 3610 pusillo
1634 3533 1665 3586 ct

520 3625 555 3687 in
580 3645 700 3709 magno
727 3623 853 3688 theatro
880 3645 1013 3689 necesse
1040 3622 1090 3689 est
1117 3625 1230 3688 eadem
1251 3626 1478 3710 magnitudine
1500 3626 1571 3690 fieri
1593 3648 1665 3714 pro-

589 3848 782 3915 lperfieiatur
798 3850 868 3899 doc:
892 3850 1077 3914 perspiciatur
1096 3851 1154 3901 GH.
1185 3846 1197 3915 ΙΙ
1224 3850 1295 3900 4ad
1318 3866 1398 3915 quam
1420 3851 1477 3903 doc.
1503 3847 1569 3914 (qua
1586 3848 1664 3913 rec.):

521 3951 602 4000 qnam
620 3935 685 3998 (qua
704 3934 736 3999 G)
756 3934 808 3983 GH
825 3932 1033 3997 (altitudinem)
1050 3951 1131 4000 quam
1150 3934 1197 3999 H).
1221 3930 1233 4001 ΙΙ
1256 3936 1271 3985 5
1290 3950 1371 3999 quam
1387 3935 1457 3985 loa:
1476 3934 1548 3999 quod
1567 3933 1614 4000 (qd
1634 3935 1664 3997 G)

522 4022 574 4071 GH
595 4018 642 4084 (le,
666 4035 718 4084 quo
736 4017 782 4083 L).
806 4014 818 4085 ΙΙ
841 4022 965 4068 sumatur
984 4020 1005 4068 G
1027 4016 1106 4083 (Lh):
1134 4015 1301 4083 sumlmatur
1324 4021 1353 4068 H
1375 4018 1536 4081 (summetur
1554 4019 1595 4083 cl).
1617 4015 1630 4084 ΙΙ
1650 4022 1667 4069 6

521 4093 657 4169 utrimque
676 4103 771 4169 (Rode)
791 4104 826 4154 ad
843 4103 936 4153 aditus
954 4118 1015 4167 cuo:
1033 4106 1177 4168 utrumque
1197 4100 1299 4168 (utrisq)
1316 4103 1347 4166 G)
1367 4103 1459 4153 aditus
1472 4104 1531 4155 GH.
1556 4099 1568 4169 ΙΙ
1592 4120 1665 4153 men·

523 4205 605 4239 surae
630 4187 704 4255 (-rq
728 4189 759 4253 G)
778 4187 1003 4252 perpendiculum
1031 4184 1106 4250 (—lu
1130 4188 1161 4253 G)
1184 4188 1233 4238 GH
1252 4187 1299 4253 (lc,
1318 4203 1480 4238 mensuraee
1498 4189 1666 4252 upendioulo

522 4273 566 4338 L).
586 4271 598 4340 ΙΙ
622 4275 637 4324 ’1
655 4274 803 4323 inferiores
820 4273 889 4325 loa:
908 4272 1052 4322 interiores
1072 4272 1131 4321 GH.
1148 4267 1160 4337 ΙΙ
1177 4275 1209 4322 10
1226 4271 1316 4338 dupl&
1335 4269 1392 4335 (sic)
1411 4273 1439 4320 H
1458 4270 1490 4333 (c,
1504 4272 1587 4336 duplo
1600 4272 1636 4336 h).
1651 4269 1663 4336 ))

523 4361 554 4407 11
573 4358 753 4428 libramentro
773 4358 815 4408 G0.
839 4353 852 4423 l)
874 4354 1124 4424 duodecu(-cu)G
1137 4356 1286 4422 etH)mam
1305 4356 1392 4419 (—ma
1411 4355 1443 4420 G)
1464 4356 1515 4407 GH
1533 4355 1582 4419 (L,
1602 4357 1668 4406 ‹luo-

523 4441 611 4494 decim
630 4442 671 4506 lc).
694 4439 706 4508 ΙΙ
730 4445 762 4492 12
780 4440 923 4505 diametrus¹
947 4441 990 4496 G0.
1015 4439 1027 4508 Η
1050 4444 1083 4491 14
1101 4442 1197 4506 quinta
1215 4443 1244 4490 H
1264 4440 1382 4505 (G0Llc):
1402 4444 1501 4505 quarta
1519 4449 1579 4491 ante
1597 4458 1666 4493 corr.

525 4528 554 4576 G.
578 4524 589 4593 l)
613 4530 644 4577 17
663 4525 793 4592 epistylia
810 4528 850 4577 ed.
871 4526 936 4590 (ch):
968 4525 1126 4591 epystilium
1142 4527 1173 4575 H
1190 4523 1259 4590 (LI),
1279 4525 1409 4590 Epistiliu
1429 4525 1459 4577 G.
1484 4521 1496 4591 ΙΙ
1521 4529 1588 4576 eoru
1607 4534 1667 4576 ante

523 4625 591 4663 corr.
611 4612 640 4661 G.
663 4609 675 4677 Η
700 4613 730 4660 19
749 4610 891 4661 columnae
911 4626 1032 4661 summae
1050 4609 1240 4661 medianarum
1257 4611 1299 4664 ed.
1318 4609 1384 4676 (eh):
1405 4609 1550 4659 columnae
1570 4607 1589 4671 (.
1602 4610 1667 4673 HL)

523 4707 644 4743 summae
662 4694 751 4743 media
769 4699 849 4759 parte
869 4695 885 4756 (.
898 4695 955 4759 GL)
974 4695 1118 4745 columnae
1141 4710 1262 4744 summae
1280 4694 1468 4743 medianarum
1494 4694 1546 4743 GH
1564 4678 1629 4758 (ht).
1650 4691 1663 4757 l)

524 4778 556 4825 ‘20
575 4776 617 4825 sin
636 4775 694 4840 (sie)
713 4784 772 4826 unte
790 4793 858 4830 corr.
879 4778 908 4827 G.
928 4774 940 4843 l)
963 4780 996 4827 24
1015 4782 1121 4842 oportet
1139 4780 1193 4829 ed:
1214 4783 1342 4843 oportere
1362 4778 1421 4827 GH.
