3984 5825
439 619 503 682 ⁵210
929 633 1088 679 vmnuvu

439 809 503 873 qua
526 797 601 851 sunt
624 787 789 851 nonsatis
818 784 920 848 oblita
947 783 1063 848 favilla
1085 784 1284 849 oblinantur.
1328 781 1449 846 habent
1476 789 1628 843 antemio

439 885 627 952 tubulorum
650 886 821 951 ductiones
844 908 882 950 ea
911 887 1092 951 commoda.
1141 880 1283 973 primum
1311 886 1346 948 in
1373 904 1471 975 opere
1498 881 1584 967 quod

439 989 467 1052 si
494 988 581 1074 quod
611 989 729 1052 vitium
763 987 886 1052 factum
919 987 1035 1071 fuerit,
1072 987 1212 1074 quilibet
1239 986 1275 1052 id
1308 995 1415 1073 potest
1442 981 1583 1047 reficere.

440 1091 601 1176 etiamque
623 1089 725 1154 multo
741 1089 902 1154 salubrior
918 1099 967 1153 est
989 1111 1032 1153 ex
1053 1087 1179 1154 tubulis
1194 1111 1280 1177 aqua
1299 1110 1396 1175 quarn
1417 1107 1476 1173 per
1496 1083 1584 1147 fistu-

405 1190 499 1274 olas‚
523 1192 610 1278 quod
632 1213 691 1278 per
717 1190 887 1278 plumbum
918 1191 1050 1255 videtur
1079 1213 1151 1254 esse
1179 1191 1252 1255 ideo
1281 1191 1401 1254 vitiosa
1429 1184 1517 1274 quod
1545 1207 1584 1249 ex

384 1310 389 1403 p
440 1316 477 1358 co
500 1315 631 1358 cerussa
653 1295 812 1375 nascitur,
836 1293 917 1357 haec
938 1302 1048 1357 autem
1070 1292 1193 1357 dicitur
1215 1313 1287 1356 esse
1308 1312 1428 1356 nocens
1444 1288 1581 1374 corpori·

383 1449 388 1471 ,
441 1394 502 1458 bus
525 1395 685 1459 humanis.
730 1396 776 1458 ita
792 1394 879 1481 quod
902 1416 997 1459 exeo
1019 1403 1209 1482 procreatur
1230 1394 1259 1456 si
1281 1392 1317 1457 id
1346 1401 1395 1456 est
1417 1391 1583 1472 vitiosum,

439 1519 505 1560 non
527 1506 575 1560 est
598 1495 734 1560 dubium
757 1497 836 1581 quin
858 1497 965 1583 ipsum
988 1518 1117 1583 quoque
1139 1518 1205 1561 non
1227 1495 1271 1559 sit
1293 1493 1434 1558 salubre.
1479 1491 1585 1557 exeni-
1603 1504 1628 1552 11

439 1596 510 1684 plar
524 1607 632 1661 autem
647 1597 689 1660 ab
704 1596 886 1661 artificibus
909 1595 1101 1684 plumbariis
1123 1619 1295 1684 possumus
1317 1595 1477 1682 accipere,
1502 1590 1586 1679 quod

390 1717 421 1765 ιο
439 1696 618 1786 palloribus
642 1708 816 1785 occupatos
844 1697 967 1762 habent
994 1701 1140 1787 corporis
1168 1698 1302 1764 colores.
1351 1718 1493 1783 namque
1516 1715 1587 1757 curn

439 1799 606 1865 fundendo
635 1799 803 1886 plumbum
832 1798 943 1882 fiatur,
978 1823 1082 1888 vapor
1116 1823 1159 1865 ex
1193 1823 1230 1865 eo
1265 1799 1411 1864 insidens
1443 1797 1586 1884 corporis

438 1913 528 1967 antris
552 1913 583 1967 et
606 1903 641 1965 in
663 1902 750 1965 diem
772 1923 913 1966 exurens
937 1903 1035 1988 eripit
1058 1901 1100 1966 ex
1114 1903 1269 1966 membris
1291 1924 1402 1966 eorum
1419 1890 1586 1984 sanguinis

439 2005 589 2069 virtutes.
633 2005 743 2090 itaque
765 2002 898 2066 minime
920 2002 1040 2068 fistulis
1062 2003 1225 2091 plumbeis
1247 2026 1331 2091 aqua
1352 2003 1429 2067 duci
1444 1999 1586 2079 videtur,

439 2108 469 2170 si
490 2105 640 2171 volumus
663 2127 734 2169 eam
755 2105 877 2169 habere
899 2104 1073 2169 salubrem.
1119 2126 1332 2192 saporemque
1354 2102 1524 2168 meliorem
1546 2121 1586 2163 ex

392 2227 422 2275 lo
440 2206 563 2272 tubulis
587 2229 658 2270 osse
686 2205 869 2270 cotidianus
898 2215 1006 2291 potest
1033 2207 1182 2270 indicare
1203 2209 1330 2289 victus,
1359 2203 1447 2291 quod
1476 2223 1585 2267 omnes

439 2317 604 2373 extructas
627 2329 700 2370 cum
723 2306 866 2371 habeant
886 2329 1041 2371 vasorum
1060 2319 1290 2393 argenteorum
1310 2329 1455 2390 mensas,
1479 2314 1586 2370 tamen

439 2420 572 2497 proptor
593 2408 720 2495 saporis
744 2408 968 2492 integritatem
990 2407 1147 2473 fictilibus
1169 2419 1315 2473 utuntur.

525 2510 583 2576 Sin
619 2520 727 2573 autem
764 2507 870 2573 fontes
897 2532 963 2574 non
994 2521 1071 2575 sunt
1104 2511 1192 2575 unde
1225 2511 1396 2575 ductiones
1429 2521 1624 2596 aquarumi

438 2613 613 2694 faciamus,
642 2633 777 2675 necesse
804 2620 855 2675 est
887 2622 1003 2697 puteos
1037 2612 1163 2677 fodere.
1217 2614 1252 2676 in
1279 2620 1451 2698 puteorum
1477 2620 1585 2673 autem

388 2733 420 2781 20
437 2714 636 2780 fossionibus
659 2736 725 2776 non
748 2723 797 2777 est
825 2713 1062 2778 contemnenda
1083 2716 1185 2796 ratio,
1215 2713 1273 2778 sed
1295 2711 1501 2777 acuminibus
1524 2708 1584 2774 sol·

436 2814 595 2902 lertioquc
609 2837 729 2908 magna
744 2814 908 2879 naturales
924 2838 1033 2879 rerum
1047 2817 1191 2880 rationes
1207 2812 1476 2895 considerandae,
1500 2810 1586 2898 quod

437 2918 536 2984 babet
558 2918 661 2983 multo
682 2919 839 3004 variaque
862 2919 1005 2982 terrain
1027 2940 1062 2981 se
1084 2940 1215 3003 genera.
1263 2928 1312 2982 est
1334 2917 1422 2980 enim
1439 2916 1491 2979 uti
1511 2913 1584 2977 reli-

438 3044 521 3109 quae
549 3044 601 3085 res
630 3043 672 3083 ex
695 3029 849 3106 quattuor
876 3020 1048 3106 principiis
1071 3020 1262 3106 composita.
1307 3029 1339 3084 et
1365 3018 1509 3105 primum
1538 3025 1586 3080 est

437 3124 509 3210 ipso
539 3133 668 3187 terrena
694 3120 859 3206 habetque
881 3143 924 3183 ex
945 3143 1058 3184 umore
1079 3144 1183 3208 aquae
1205 3122 1330 3203 fontes,
1359 3122 1440 3183 item
1463 3118 1585 3184 calores

386 3242 419 3291 as
437 3223 524 3288 unde
547 3224 646 3287 ctiam
667 3220 806 3308 sulphur
827 3220 957 3285 alumen
985 3222 1135 3286 bitumen
1156 3224 1317 3304 nascitur,
1345 3224 1498 3308 aerisque
1520 3221 1585 3307 spi-

437 3326 520 3407 ritus
535 3326 699 3404 inmanes,
722 3324 867 3408 quicum
888 3345 1007 3408 graves
1029 3346 1089 3409 per
1102 3325 1287 3388 intervenia
1308 3322 1458 3389 fistulosa
1478 3332 1586 3387 terrae

437 3425 633 3509 perveniunt
655 3422 697 3485 ad
719 3423 898 3486 fossionem
919 3433 1092 3510 puteorum
1114 3435 1147 3489 et
1169 3424 1217 3489 ibi
1245 3424 1392 3489 homines
1415 3422 1585 3488 offendunt

436 3524 599 3586 fodientes
622 3525 657 3584 vi
679 3521 819 3586 naturali
847 3527 979 3610 vaporis
1002 3526 1157 3590 obtinent
1184 3548 1295 3590 eorum
1324 3526 1460 3590 naribus
1488 3526 1584 3611 spiri-

436 3633 490 3687 tus
510 3621 680 3686 animales.
723 3625 771 3686 ita
793 3626 850 3709 qui
872 3647 934 3688 non
958 3624 1096 3690 celerius
1118 3627 1197 3692 inde
1218 3628 1378 3713 effugiunt
1400 3626 1448 3691 ibi
1471 3626 1585 3690 interi·

385 3745 419 3793 ao
435 3734 578 3790 muntur.
628 3724 691 3789 hoc
729 3734 839 3788 autem
876 3724 993 3810 quibus
1033 3729 1215 3794 rationibus
1251 3740 1407 3793 caveatur
1438 3729 1488 3792 sic
1524 3729 1586 3792 erit
1617 3740 1628 3784 i

508 3919 520 3965 l
539 3915 700 3966 oblinantur
717 3915 773 3964 ede
792 3919 927 3965 -ueutnr
940 3915 999 3964 GH.
1023 3913 1035 3980 ΙΙ
1058 3917 1163 3968 habent
1181 3956 1187 3968 .
1202 3955 1229 3970 ..
1249 3919 1306 3968 linc
1319 3921 1401 3969 denuo
1413 3920 1505 3983 incipit
1521 3918 1556 3968 E.
1571 3914 1582 3981 ll

437 4004 452 4050 2
466 3999 550 4067 quod:
570 4000 634 4064 quia
646 3999 672 4049 Ε
684 3998 753 4061 (ilem
764 3999 836 4063 infra
847 4016 870 4049 o.
883 3998 955 4060 5bis‚
969 4003 1010 4058 15,
1023 4001 1078 4065 21).
1095 3999 1106 4066 ΙΙ
1122 4004 1253 4053 britiosa
1265 4004 1335 4054 loa:
1348 4017 1442 4051 —sum
1458 4000 1538 4065 (-s[1
1552 4001 1583 4065 G)

436 4087 522 4136 EGH.
535 4081 547 4150 ΙΙ
558 4086 575 4134 6
586 4098 683 4134 cerusa
694 4083 751 4132 EG.
764 4080 776 4148 ΙΙ
788 4085 803 4132 ‘1
816 4084 857 4132 ite
870 4082 942 4147 quod
955 4083 1061 4148 (itaque
1072 4086 1109 4150 Ε)
1120 4123 1126 4133 .
1138 4126 1145 4139 .
1157 4122 1163 4134 .
1176 4091 1339 4151 procreatur
1350 4085 1379 4135 id
1387 4086 1468 4136 EGH
1481 4086 1516 4148 (si
1525 4092 1584 4150 post

437 4171 478 4220 ita
489 4171 551 4219 add.
563 4168 629 4225 Joc„
643 4173 702 4217 arete
715 4167 742 4216 id
754 4166 821 4230 cao).
834 4163 874 4232 118
893 4168 959 4231 quin
973 4166 1107 4232 G(E0l⁶):
1127 4172 1173 4235 qui
1185 4173 1213 4220 iu
1223 4173 1251 4221 H
1264 4170 1305 4234 (cl
1316 4178 1343 4221 et
1354 4178 1414 4221 ante
1423 4186 1480 4219 ras.
1493 4178 1521 4219 ut
1532 4171 1581 4220 oid.

437 4253 482 4316 Ε).
498 4249 510 4318 ΙΙ
527 4255 558 4301 12
570 4253 599 4303 in
612 4252 684 4301 diem
703 4250 743 4313 (in
761 4249 910 4314 dissuasu:
931 4253 959 4300 iu
971 4252 1016 4301 die
1029 4254 1107 4304 EGH
1120 4254 1193 4315 (Lle,
1210 4258 1258 4306 sed
1270 4256 1334 4304 inde
1347 4251 1451 4319 Lcccli).
1464 4249 1476 4319 ΙΙ
1490 4257 1522 4305 18
1540 4253 1582 4303 sin

437 4342 529 4387 autem
542 4337 634 4387 fontes
647 4336 656 4399 (
671 4334 677 4401 Ι
691 4336 731 4400 Η)
745 4336 817 4385 unde
831 4336 881 4386 GH
894 4333 957 4398 (non
968 4341 1033 4385 suut
1044 4340 1105 4387 add.
1118 4338 1180 4402 ed).
1195 4335 1207 4405 ll
1224 4343 1258 4391 20
1272 4339 1439 4389 fossionibus
1451 4340 1478 4388 in
1490 4353 1544 4388 rac.
1561 4337 1583 4386 Ε

437 4420 502 4485 (cb):
523 4420 747 4485 possessionibus
758 4421 809 4471 GH
819 4428 845 4471 ei
857 4426 916 4470 ante
928 4436 983 4470 ras.
992 4428 1021 4470 ui
1032 4424 1082 4473 nid.
1094 4422 1120 4471 Ε
1130 4421 1197 4488 (Li).
1213 4421 1225 4489 ΙΙ
1241 4426 1275 4472 26
1287 4424 1446 4474 intervenia
1455 4425 1486 4473 H
1494 4420 1580 4487 (Llc):

437 4504 581 4553 interveue
599 4504 656 4557 EG.
680 4503 694 4571 fl
715 4507 748 4554 27
766 4505 888 4555 fossione
907 4505 929 4554 G
947 4504 1008 4566 (non
1025 4505 1072 4569 Ε).
1095 4502 1107 4570 ΙΙ
1130 4508 1163 4557 28
1181 4508 1210 4556 ui
1227 4508 1314 4561 Man:
1337 4512 1369 4557 ut
1384 4508 1473 4560 EGH.
1498 4504 1511 4573 ΙΙ
1534 4506 1580 4556 ob·

437 4584 536 4636 durant
553 4585 633 4651 (Joc.)
654 4604 758 4638 eorum:
778 4589 922 4639 obturante
942 4588 1037 4651 (HLlc,
1056 4588 1209 4641 obdurante
1227 4592 1287 4655 EG)
1307 4607 1401 4643 eorum
1419 4592 1508 4641 ΕΘΗ.
1521 4588 1534 4657 ΙΙ
1549 4591 1580 4639 29

436 4668 636 4720 interemuntnr
655 4673 706 4723 GH
723 4675 732 4736 (
759 4672 787 4737 1),
805 4673 999 4723 interimuntur
1016 4673 1043 4721 Ε
1060 4673 1124 4737 (ch).
1148 4671 1161 4740 ΙΙ
1183 4678 1216 4726 30
1232 4675 1285 4726 hoc
1298 4677 1398 4741 quibus
1417 4680 1511 4726 sutem
1523 4674 1581 4724 EG.
