3984 5825
498 689 540 751 34
686 771 690 784 Ι
987 702 1145 748 vrruuvu

498 856 669 920 concilium
692 866 724 918 et
746 855 914 919 convictus
938 864 1025 917 esset
1046 864 1152 935 natus,
1176 863 1208 917 et
1229 855 1263 916 in
1284 876 1385 915 unum
1407 852 1512 917 locum
1535 853 1645 939 plures

497 959 708 1021 convenirent
735 955 892 1020 habentes
918 956 960 1018 ab
988 965 1105 1018 natura
1139 956 1318 1041 praemium
1353 963 1481 1040 praeter
1518 956 1645 1042 reliqua

496 1059 650 1122 animalia
676 1067 713 1122 ut
738 1080 804 1121 non
831 1058 925 1142 proni
960 1055 1018 1119 sed
1046 1057 1146 1119 erecti
1172 1054 1376 1120 ambularent
1403 1056 1582 1142 mundique
1612 1067 1645 1120 et

495 1169 657 1224 astrorum
683 1157 959 1243 magnificentiam
986 1159 1186 1242 aspicerent,
1221 1159 1300 1221 item
1327 1158 1479 1220 manibus
1511 1168 1543 1220 et
1565 1160 1644 1222 arti—

462 1259 578 1324 aculis
600 1282 697 1347 quam
719 1258 842 1323 vellent
863 1280 931 1322 rem
958 1257 1100 1322 faciliter
1126 1268 1318 1341 tractarent,
1349 1269 1525 1346 coeperunt
1546 1261 1581 1321 in
1605 1282 1643 1324 eo

497 1372 592 1426 coetu
612 1360 669 1425 alii
692 1361 733 1424 de
755 1361 871 1426 fronde
897 1359 1006 1423 facere
1033 1370 1134 1442 tecta,
1162 1359 1220 1424 alii
1249 1359 1420 1446 speluncas
1448 1360 1561 1426 fodere
1584 1360 1645 1424 sub

497 1463 674 1545 montibus,
697 1461 845 1526 nonnulli
867 1462 1079 1525 hirundinum
1100 1462 1196 1526 nidos
1219 1472 1250 1525 et
1271 1462 1515 1526 aedificationes
1534 1484 1645 1525 earum

497 1567 665 1629 imitantes
688 1564 729 1627 de
752 1563 820 1628 luto
844 1573 876 1628 et
899 1562 1038 1648 virgulis
1054 1563 1162 1627 facere
1181 1561 1252 1626 loca
1268 1585 1352 1648 quae
1370 1563 1529 1628 subirent.
1566 1573 1644 1627 tunc

497 1667 710 1732 observantes
732 1665 840 1729 aliena
861 1675 948 1728 tecta
971 1675 1003 1729 et
1024 1665 1203 1729 adicientes
1226 1666 1293 1728 suis
1317 1665 1570 1748 cogitationibus
1591 1687 1644 1728 res

369 1815 371 1819 ψ
448 1785 479 1831 10
497 1791 615 1850 novas,
639 1766 826 1831 efficiebant
848 1768 882 1828 in
905 1765 974 1829 dies
997 1765 1132 1830 meliora
1153 1788 1273 1850 genera
1295 1788 1453 1830 casarum.
1498 1779 1572 1830 cuni
1595 1780 1678 1830 esa

498 1880 571 1934 sent
598 1884 707 1934 autem
736 1868 883 1932 homines
912 1866 1067 1930 imitabili
1095 1865 1258 1953 docilique
1285 1877 1417 1951 natura,
1447 1868 1566 1931 cotidie
1595 1869 1643 1930 in-

498 1972 708 2035 ventionibus
743 1967 921 2053 gloriantes
957 1967 1041 2031 alius
1077 1966 1135 2031 alii
1171 1969 1386 2033 ostendebant
1421 1969 1644 2033 aedificiorum

498 2073 647 2155 effectus,
679 2082 710 2135 et
732 2073 779 2135 ita
802 2078 991 2133 exercentes
1014 2070 1147 2153 ingenia
1169 2070 1404 2135 certationibus
1426 2071 1462 2132 in
1484 2071 1554 2134 dies
1576 2092 1643 2133 me-

497 2174 632 2238 lioribus
660 2172 791 2236 iudiciis
819 2170 1054 2234 efficiebantur.
1104 2172 1309 2256 primumque
1337 2171 1437 2236 furcis
1467 2173 1582 2236 erec-tis
1612 2183 1643 2236 et

448 2293 479 2339 15
497 2274 637 2359 virgulis
659 2273 862 2359 interpositis
884 2270 953 2335 luto
975 2273 1116 2358 parietes
1137 2281 1300 2337 texerunt.
1337 2272 1395 2337 alii
1409 2272 1514 2337 luteas
1529 2273 1643 2358 glebas

498 2375 714 2438 arefacientes
743 2372 912 2437 struebant
939 2375 1096 2459 parietes,
1124 2376 1262 2437 materia
1291 2396 1344 2438 eos
1367 2376 1642 2458 iugumentantes,

498 2476 697 2561 vitandoque
719 2474 839 2539 imbres
862 2484 894 2538 et
915 2484 1025 2540 aestus
1044 2475 1201 2560 tegebant
1215 2474 1452 2540 harundinibus
1469 2486 1501 2539 et
1516 2477 1642 2541 fronde.

497 2587 709 2664 posteaquam
735 2598 794 2662 per
821 2575 974 2640 hibernas
1007 2586 1217 2662 tempestates
1250 2586 1336 2640 tecta
1369 2600 1434 2641 non
1468 2588 1643 2664 potuerunt

498 2679 618 2742 imbres
642 2679 817 2759 sustinere,
845 2676 979 2761 fastigia
1000 2676 1159 2741 facientes
1182 2677 1250 2742 luto
1272 2677 1424 2761 inducto,
1452 2677 1642 2766 proclinatis

448 2797 481 2844 20
497 2781 593 2844 tectis
615 2777 783 2842 stillicidia
804 2778 1019 2843 deducebant.

582 2881 675 2946 Haec
695 2891 804 2945 autem
826 2903 867 2945 ex
889 2882 918 2946 is
947 2903 1029 2968 quae
1057 2903 1156 2969 supra
1184 2882 1324 2970 scriptae
1354 2892 1430 2947 sunt
1457 2882 1675 2967 originibus4

497 2986 649 3048 instituta
669 3005 741 3047 esse
761 3005 931 3070 possumus
953 2985 1003 3047 sic
1017 2983 1278 3048 animadvertere
1293 2984 1379 3070 quod
1394 2984 1437 3047 ad
1452 2984 1538 3047 hunc
1554 2986 1642 3049 diem

497 3086 683 3151 nationibus
715 3086 836 3148 exteris
865 3107 908 3148 ex
934 3084 986 3147 his
1013 3086 1111 3149 rebus
1139 3085 1289 3149 aedificia
1311 3088 1565 3167 constituantur,
1593 3089 1643 3150 uti

498 3186 608 3251 Gallia
631 3186 792 3272 Hispania
807 3185 978 3248 Lusitania
993 3186 1183 3271 Aquitania,
1213 3187 1378 3250 scandulis
1400 3187 1562 3251 robusteis
1585 3197 1641 3251 aut

445 3305 479 3353 25
497 3288 693 3352 stramentis.
736 3284 823 3371 apud
845 3288 1011 3349 nationem
1033 3287 1227 3352 Colchorum
1248 3290 1282 3351 in
1304 3288 1408 3353 Ponto
1430 3299 1563 3375 propter
1585 3289 1640 3352 sil-

497 3411 612 3452 varum
645 3386 880 3475 abundantiam
913 3386 1083 3451 arboribus
1116 3391 1282 3477 perpetuis
1315 3388 1422 3476 planis
1456 3390 1575 3454 dextra
1601 3413 1640 3453 ac

498 3490 632 3552 sinistra
658 3489 693 3550 in
719 3498 806 3551 terra
833 3489 965 3573 positis,
994 3491 1099 3575 spatio
1113 3492 1212 3554 ‘inter
1234 3513 1287 3555 eas
1308 3491 1422 3555 relicto
1445 3502 1566 3577 quanto
1588 3514 1638 3555 ar·

496 3589 613 3653 borum
640 3588 861 3672 longitudines
889 3591 1073 3675 patiuntur,
1102 3592 1311 3658 conlocantur
1331 3594 1367 3657 in
1389 3595 1543 3657 extremis
1566 3615 1639 3680 par-

495 3690 585 3754 tibus
609 3711 719 3752 earum
747 3713 844 3777 supra
870 3690 991 3756 alterae
1018 3702 1241 3774 transversae,
1271 3715 1353 3780 quae
1380 3693 1640 3759 circumcludunt

446 3790 639 3860 eumedium
660 3793 801 3876 spatium
822 3792 1047 3858 habitationis.
1090 3804 1158 3859 tum
1181 3796 1313 3881 insuper
1333 3796 1466 3860 alternis
1488 3795 1638 3860 trabibus

496 3915 538 3956 ex
565 3902 718 3979 quattuor
745 3894 892 3979 partibus
919 3894 1056 3979 angulos
1084 3897 1347 3981 iugumentantes
1375 3907 1408 3962 et
1429 3901 1476 3962 ita
1497 3898 1638 3984 parietes

562 4188 578 4234 4
597 4186 723 4236 articulis
743 4186 772 4235 G.
792 4182 805 4251 {l
829 4187 860 4234 12
880 4185 950 4236 alius
970 4186 1055 4250 (-ios
1068 4196 1127 4239 ante
1145 4188 1265 4252 coruH)
1284 4190 1333 4240 alii
1352 4188 1402 4240 GH
1412 4166 1555 4256 (ansulis
1573 4189 1637 4241 aliis

495 4289 547 4335 uu
565 4287 599 4337 oc
618 4266 797 4351 (ιιωξαιιιῐ),
818 4286 881 4335 ann
900 4288 950 4336 am
972 4290 1011 4337 eu.
1040 4285 1052 4355 ιι
1080 4292 1112 4339 14
1135 4290 1245 4341 inurens
1264 4292 1295 4341 u.
1322 4288 1335 4357 ιι
1361 4292 1449 4341 alis:
1474 4292 1517 4341 su
1542 4293 1602 4346 on.
1621 4291 1634 4358 p

497 4370 618 4434 scriptae
637 4372 718 4420 Lnet:
741 4372 847 4435 scripta
871 4371 929 4421 GH.
957 4368 970 4438 ΙΙ
997 4374 1116 4438 originib
1142 4375 1200 4438 (one.
1218 4375 1376 4439 compendio)
1399 4376 1428 4427 0.
1456 4371 1468 4441 ΙΙ
1495 4378 1528 4425 23
1552 4376 1595 4426 his
1616 4378 1637 4426 6

497 4485 562 4548 (hiis
582 4488 617 4537 (1¹0
633 4497 662 4538 ut
677 4489 769 4552 soleo:
792 4490 826 4539 iis
845 4497 904 4539 onte
922 4505 991 4542 corr.
1017 4454 1173 4558 (i1s=his
1196 4472 1255 4558 cn)
1279 4494 1316 4547 H.
1344 4490 1357 4559 ΙΙ
1384 4494 1590 4543 constituantur
1608 4461 1648 4543 H¹
1661 4539 1678 4569 ι

497 4570 581 4635 (Llc):
600 4576 717 4623 -untnr
736 4576 765 4625 G.
791 4572 802 4640 ΙΙ
824 4576 865 4623 uti
884 4574 971 4638 gallia
989 4577 1088 4640 spania
1112 4574 1232 4642 (ispania
1252 4579 1304 4638 H0,
1323 4578 1454 4643 hispania
1473 4577 1531 4643 Llr)
1547 4578 1605 4628 GH.
1622 4581 1634 4645 l!

495 4657 528 4704 24
539 4658 692 4719 aequitania
706 4658 735 4707 (ἰ.
753 4655 765 4724 [Ι
786 4659 928 4709 scandulis
942 4661 975 4709 6:
995 4660 1136 4710 scandalis
1146 4663 1175 4710 H
1188 4661 1264 4725 (Lis).
1285 4657 1298 4728 Η
1316 4663 1349 4711 27
1363 4665 1480 4727 quanto:
1497 4666 1535 4713 sse
1549 4664 1607 4713 GH.
1623 4663 1634 4728 {l

495 4742 527 4790 30
544 4744 601 4792 tum
619 4742 648 4790 H
665 4742 747 4806 (Lle):
766 4746 832 4793 tuuc
851 4742 881 4793 G.
