<?xml version="1.0" encoding="UTF-8"?>
<!DOCTYPE html PUBLIC "-//W3C//DTD XHTML 1.0 Transitional//EN"
    "http://www.w3.org/TR/xhtml1/DTD/xhtml1-transitional.dtd">
<html xmlns="http://www.w3.org/1999/xhtml" xml:lang="en" lang="en">
 <head>
  <title>
</title>
<meta http-equiv="Content-Type" content="text/html;charset=utf-8" />
  <meta name='ocr-system' content='tesseract 3.04.00' />
  <meta name='ocr-capabilities' content='ocr_page ocr_carea ocr_par ocr_line ocrx_word'/>
</head>
<body>
  <div class='ocr_page' id='page_1' title='image "./vitruviidearchi00strgoog_0176.png"; bbox 0 0 3984 5825; ppageno 0'>
   <div class='ocr_carea' id='block_1_1' title="bbox 734 665 1562 730">
    <p class='ocr_par' dir='ltr' id='par_1_1' title="bbox 734 665 1562 730">
     <span class='ocr_line' id='line_1_1' title="bbox 734 665 1562 730; baseline 0.005 -4"><span class='ocrx_word' id='word_1_1' title='bbox 734 680 781 727; x_wconf 82' lang='lat' dir='ltr'><strong>nn</strong></span> <span class='ocrx_word' id='word_1_2' title='bbox 804 678 1070 727; x_wconf 76' lang='lat' dir='ltr'><strong>aucrurscruua</strong></span> <span class='ocrx_word' id='word_1_3' title='bbox 1094 680 1162 726; x_wconf 79' lang='lat' dir='ltr'><strong>nm.</strong></span> <span class='ocrx_word' id='word_1_4' title='bbox 1187 681 1246 727; x_wconf 91' lang='lat' dir='ltr'><strong>vn.</strong></span> <span class='ocrx_word' id='word_1_5' title='bbox 1503 665 1562 730; x_wconf 85' lang='lat'><strong>155</strong></span> 
     </span>
    </p>
   </div>
   <div class='ocr_carea' id='block_1_2' title="bbox 414 832 1561 1022">
    <p class='ocr_par' dir='ltr' id='par_1_2' title="bbox 414 832 1561 1022">
     <span class='ocr_line' id='line_1_2' title="bbox 415 832 1561 923; baseline 0 -24"><span class='ocrx_word' id='word_1_6' title='bbox 415 834 673 923; x_wconf 84' lang='lat' dir='ltr'><strong>expolitionibus</strong></span> <span class='ocrx_word' id='word_1_7' title='bbox 700 843 809 899; x_wconf 87' lang='lat' dir='ltr'><strong>autem</strong></span> <span class='ocrx_word' id='word_1_8' title='bbox 838 854 948 898; x_wconf 91' lang='lat' dir='ltr'><strong>eorum</strong></span> <span class='ocrx_word' id='word_1_9' title='bbox 975 835 1025 901; x_wconf 90' lang='lat' dir='ltr'><strong>uti</strong></span> <span class='ocrx_word' id='word_1_10' title='bbox 1046 834 1113 898; x_wconf 90' lang='lat' dir='ltr'><strong>sint</strong></span> <span class='ocrx_word' id='word_1_11' title='bbox 1135 832 1299 918; x_wconf 81' lang='lat' dir='ltr'><strong>elegantes</strong></span> <span class='ocrx_word' id='word_1_12' title='bbox 1322 844 1354 900; x_wconf 92' lang='lat' dir='ltr'><strong>ct</strong></span> <span class='ocrx_word' id='word_1_13' title='bbox 1376 834 1447 899; x_wconf 88' lang='lat' dir='ltr'><strong>siue</strong></span> <span class='ocrx_word' id='word_1_14' title='bbox 1470 835 1561 900; x_wconf 86' lang='lat' dir='ltr'><strong>vitiis</strong></span> 
     </span>
     <span class='ocr_line' id='line_1_3' title="bbox 414 935 1281 1022; baseline -0.002 -21"><span class='ocrx_word' id='word_1_15' title='bbox 414 937 460 1001; x_wconf 87' lang='lat' dir='ltr'><strong>ad</strong></span> <span class='ocrx_word' id='word_1_16' title='bbox 483 946 692 1020; x_wconf 83' lang='lat' dir='ltr'><strong>vetustatem,</strong></span> <span class='ocrx_word' id='word_1_17' title='bbox 715 935 900 1022; x_wconf 81' lang='lat' dir='ltr'>insequenti</span> <span class='ocrx_word' id='word_1_18' title='bbox 922 936 1088 1002; x_wconf 87' lang='lat' dir='ltr'><strong>volmninc</strong></span> <span class='ocrx_word' id='word_1_19' title='bbox 1111 958 1281 1022; x_wconf 82' lang='lat' dir='ltr'><strong>exponam.</strong></span> 
     </span>
    </p>
   </div>
   <div class='ocr_carea' id='block_1_3' title="bbox 642 1173 1288 1321">
    <p class='ocr_par' dir='ltr' id='par_1_3' title="bbox 642 1173 1288 1321">
     <span class='ocr_line' id='line_1_4' title="bbox 642 1173 1288 1321; baseline -0.003 0"><span class='ocrx_word' id='word_1_20' title='bbox 642 1173 891 1321; x_wconf 64' lang='lat' dir='ltr'><strong>⁸LIBER</strong></span> <span class='ocrx_word' id='word_1_21' title='bbox 931 1242 1288 1321; x_wconf 82' lang='lat' dir='ltr'><strong>SEPTIMUS.</strong></span> 
     </span>
    </p>
   </div>
   <div class='ocr_carea' id='block_1_4' title="bbox 380 1427 1615 3254">
    <p class='ocr_par' dir='ltr' id='par_1_4' title="bbox 382 1427 1615 2127">
     <span class='ocr_line' id='line_1_5' title="bbox 382 1427 1562 1518; baseline -0.004 -22"><span class='ocrx_word' id='word_1_22' title='bbox 382 1448 394 1496; x_wconf 94' lang='lat'>1</span> <span class='ocrx_word' id='word_1_23' title='bbox 503 1430 645 1497; x_wconf 81' lang='lat' dir='ltr'>Maiores</span> <span class='ocrx_word' id='word_1_24' title='bbox 677 1452 750 1495; x_wconf 90' lang='lat' dir='ltr'><strong>cum</strong></span> <span class='ocrx_word' id='word_1_25' title='bbox 777 1431 942 1518; x_wconf 80' lang='lat' dir='ltr'><strong>sapienter</strong></span> <span class='ocrx_word' id='word_1_26' title='bbox 968 1437 1037 1493; x_wconf 90' lang='lat' dir='ltr'><strong>tum</strong></span> <span class='ocrx_word' id='word_1_27' title='bbox 1066 1430 1164 1494; x_wconf 89' lang='lat' dir='ltr'><strong>ctiam</strong></span> <span class='ocrx_word' id='word_1_28' title='bbox 1190 1427 1315 1495; x_wconf 83' lang='lat' dir='ltr'><strong>utiliter</strong></span> <span class='ocrx_word' id='word_1_29' title='bbox 1341 1429 1562 1511; x_wconf 84' lang='lat' dir='ltr'><strong>instituerunt,</strong></span> 
     </span>
     <span class='ocr_line' id='line_1_6' title="bbox 416 1530 1596 1621; baseline -0.003 -24"><span class='ocrx_word' id='word_1_30' title='bbox 416 1554 478 1621; x_wconf 90' lang='lat' dir='ltr'><strong>per</strong></span> <span class='ocrx_word' id='word_1_31' title='bbox 499 1532 802 1599; x_wconf 79' lang='lat' dir='ltr'><strong>commentariorum</strong></span> <span class='ocrx_word' id='word_1_32' title='bbox 825 1530 999 1597; x_wconf 84' lang='lat' dir='ltr'><strong>relationes</strong></span> <span class='ocrx_word' id='word_1_33' title='bbox 1029 1533 1171 1615; x_wconf 89' lang='lat' dir='ltr'><strong>cogitata</strong></span> <span class='ocrx_word' id='word_1_34' title='bbox 1192 1531 1321 1595; x_wconf 83' lang='lat' dir='ltr'><strong>tradere</strong></span> <span class='ocrx_word' id='word_1_35' title='bbox 1343 1531 1498 1617; x_wconf 86' lang='lat' dir='ltr'><strong>postoris,</strong></span> <span class='ocrx_word' id='word_1_36' title='bbox 1527 1539 1563 1593; x_wconf 88' lang='lat' dir='ltr'><strong>ut</strong></span> <span class='ocrx_word' id='word_1_37' title='bbox 1581 1553 1596 1600; x_wconf 86' lang='lat'>5</span> 
     </span>
     <span class='ocr_line' id='line_1_7' title="bbox 418 1631 1562 1719; baseline -0.004 -20"><span class='ocrx_word' id='word_1_38' title='bbox 418 1657 458 1699; x_wconf 83' lang='lat' dir='ltr'><strong>ea</strong></span> <span class='ocrx_word' id='word_1_39' title='bbox 481 1657 549 1701; x_wconf 91' lang='lat' dir='ltr'><strong>non</strong></span> <span class='ocrx_word' id='word_1_40' title='bbox 569 1634 742 1699; x_wconf 88' lang='lat' dir='ltr'><strong>interirent</strong></span> <span class='ocrx_word' id='word_1_41' title='bbox 763 1633 821 1701; x_wconf 89' lang='lat' dir='ltr'><strong>sed</strong></span> <span class='ocrx_word' id='word_1_42' title='bbox 844 1632 982 1719; x_wconf 88' lang='lat' dir='ltr'><strong>singulis</strong></span> <span class='ocrx_word' id='word_1_43' title='bbox 1004 1632 1166 1698; x_wconf 89' lang='lat' dir='ltr'><strong>aetatibus</strong></span> <span class='ocrx_word' id='word_1_44' title='bbox 1190 1635 1369 1697; x_wconf 86' lang='lat' dir='ltr'><strong>crescentia</strong></span> <span class='ocrx_word' id='word_1_45' title='bbox 1391 1631 1562 1698; x_wconf 78' lang='lat' dir='ltr'><strong>volumini·</strong></span> 
     </span>
     <span class='ocr_line' id='line_1_8' title="bbox 418 1734 1563 1823; baseline -0.005 -22"><span class='ocrx_word' id='word_1_46' title='bbox 418 1736 481 1802; x_wconf 94' lang='lat' dir='ltr'><strong>bus</strong></span> <span class='ocrx_word' id='word_1_47' title='bbox 515 1734 606 1803; x_wconf 88' lang='lat' dir='ltr'><strong>edita</strong></span> <span class='ocrx_word' id='word_1_48' title='bbox 636 1735 800 1823; x_wconf 83' lang='lat' dir='ltr'><strong>gradatim</strong></span> <span class='ocrx_word' id='word_1_49' title='bbox 831 1736 1040 1823; x_wconf 88' lang='lat' dir='ltr'><strong>pervenirent</strong></span> <span class='ocrx_word' id='word_1_50' title='bbox 1073 1734 1292 1800; x_wconf 82' lang='lat' dir='ltr'><strong>vetustatibus</strong></span> <span class='ocrx_word' id='word_1_51' title='bbox 1327 1736 1370 1799; x_wconf 90' lang='lat' dir='ltr'><strong>ad</strong></span> <span class='ocrx_word' id='word_1_52' title='bbox 1405 1755 1563 1799; x_wconf 89' lang='lat' dir='ltr'><strong>summam</strong></span> 
     </span>
     <span class='ocr_line' id='line_1_9' title="bbox 420 1834 1563 1924; baseline -0.004 -22"><span class='ocrx_word' id='word_1_53' title='bbox 420 1838 642 1905; x_wconf 85' lang='lat' dir='ltr'><strong>doctrinarum</strong></span> <span class='ocrx_word' id='word_1_54' title='bbox 657 1837 883 1905; x_wconf 82' lang='lat' dir='ltr'><strong>subtilitatem.</strong></span> <span class='ocrx_word' id='word_1_55' title='bbox 921 1838 1031 1924; x_wconf 91' lang='lat' dir='ltr'><strong>itaque</strong></span> <span class='ocrx_word' id='word_1_56' title='bbox 1046 1859 1112 1901; x_wconf 92' lang='lat' dir='ltr'><strong>non</strong></span> <span class='ocrx_word' id='word_1_57' title='bbox 1133 1835 1312 1903; x_wconf 86' lang='lat' dir='ltr'><strong>mediocres</strong></span> <span class='ocrx_word' id='word_1_58' title='bbox 1336 1837 1394 1901; x_wconf 90' lang='lat' dir='ltr'><strong>sed</strong></span> <span class='ocrx_word' id='word_1_59' title='bbox 1416 1834 1563 1901; x_wconf 85' lang='lat' dir='ltr'><strong>infinitae</strong></span> 
     </span>
     <span class='ocr_line' id='line_1_10' title="bbox 419 1937 1562 2026; baseline -0.004 -22"><span class='ocrx_word' id='word_1_60' title='bbox 419 1947 496 2006; x_wconf 90' lang='lat' dir='ltr'><strong>sunt</strong></span> <span class='ocrx_word' id='word_1_61' title='bbox 522 1939 551 2003; x_wconf 93' lang='lat' dir='ltr'><strong>is</strong></span> <span class='ocrx_word' id='word_1_62' title='bbox 577 1939 725 2025; x_wconf 85' lang='lat' dir='ltr'><strong>agendae</strong></span> <span class='ocrx_word' id='word_1_63' title='bbox 752 1940 894 2026; x_wconf 88' lang='lat' dir='ltr'><strong>gratiae,</strong></span> <span class='ocrx_word' id='word_1_64' title='bbox 922 1937 1009 2026; x_wconf 90' lang='lat' dir='ltr'><strong>quod</strong></span> <span class='ocrx_word' id='word_1_65' title='bbox 1038 1961 1103 2003; x_wconf 92' lang='lat' dir='ltr'><strong>non</strong></span> <span class='ocrx_word' id='word_1_66' title='bbox 1129 1937 1292 2003; x_wconf 83' lang='lat' dir='ltr'><strong>invidiose</strong></span> <span class='ocrx_word' id='word_1_67' title='bbox 1315 1938 1448 2003; x_wconf 90' lang='lat' dir='ltr'><strong>silentes</strong></span> <span class='ocrx_word' id='word_1_68' title='bbox 1471 1959 1562 2025; x_wconf 88' lang='lat' dir='ltr'><strong>prae-</strong></span> 
     </span>
     <span class='ocr_line' id='line_1_11' title="bbox 418 2038 1615 2127; baseline -0.006 -19"><span class='ocrx_word' id='word_1_69' title='bbox 418 2042 643 2125; x_wconf 90' lang='lat' dir='ltr'><strong>termiserunt,</strong></span> <span class='ocrx_word' id='word_1_70' title='bbox 677 2040 736 2107; x_wconf 92' lang='lat' dir='ltr'><strong>sed</strong></span> <span class='ocrx_word' id='word_1_71' title='bbox 768 2042 912 2107; x_wconf 91' lang='lat' dir='ltr'><strong>omnium</strong></span> <span class='ocrx_word' id='word_1_72' title='bbox 944 2063 1101 2126; x_wconf 82' lang='lat' dir='ltr'><strong>generum</strong></span> <span class='ocrx_word' id='word_1_73' title='bbox 1127 2062 1242 2105; x_wconf 91' lang='lat' dir='ltr'><strong>sensus</strong></span> <span class='ocrx_word' id='word_1_74' title='bbox 1270 2038 1563 2127; x_wconf 81' lang='lat' dir='ltr'><strong>conscriptionibus</strong></span> <span class='ocrx_word' id='word_1_75' title='bbox 1584 2063 1615 2109; x_wconf 84' lang='lat'><strong>10</strong></span> 
     </span>
    </p>

    <p class='ocr_par' dir='ltr' id='par_1_5' title="bbox 383 2142 1615 3046">
     <span class='ocr_line' id='line_1_12' title="bbox 383 2142 1563 2231; baseline -0.003 -24"><span class='ocrx_word' id='word_1_76' title='bbox 383 2159 399 2207; x_wconf 77' lang='lat' dir='ltr'><strong>a</strong></span> <span class='ocrx_word' id='word_1_77' title='bbox 420 2144 594 2209; x_wconf 83' lang='lat' dir='ltr'><strong>memoriae</strong></span> <span class='ocrx_word' id='word_1_78' title='bbox 609 2142 785 2209; x_wconf 89' lang='lat' dir='ltr'><strong>tradendos</strong></span> <span class='ocrx_word' id='word_1_79' title='bbox 801 2152 1007 2209; x_wconf 88' lang='lat' dir='ltr'><strong>curaverunt.</strong></span> <span class='ocrx_word' id='word_1_80' title='bbox 1043 2165 1182 2231; x_wconf 88' lang='lat' dir='ltr'><strong>namque</strong></span> <span class='ocrx_word' id='word_1_81' title='bbox 1197 2143 1225 2208; x_wconf 92' lang='lat' dir='ltr'><strong>si</strong></span> <span class='ocrx_word' id='word_1_82' title='bbox 1246 2143 1376 2207; x_wconf 90' lang='lat' dir='ltr'><strong>nonita</strong></span> <span class='ocrx_word' id='word_1_83' title='bbox 1398 2142 1563 2224; x_wconf 85' lang='lat' dir='ltr'><strong>fecissent,</strong></span> 
     </span>
     <span class='ocr_line' id='line_1_13' title="bbox 420 2244 1564 2335; baseline -0.004 -24"><span class='ocrx_word' id='word_1_84' title='bbox 420 2269 485 2311; x_wconf 89' lang='lat' dir='ltr'><strong>non</strong></span> <span class='ocrx_word' id='word_1_85' title='bbox 499 2245 719 2333; x_wconf 91' lang='lat' dir='ltr'><strong>potuissemus</strong></span> <span class='ocrx_word' id='word_1_86' title='bbox 741 2246 824 2312; x_wconf 88' lang='lat' dir='ltr'><strong>seire</strong></span> <span class='ocrx_word' id='word_1_87' title='bbox 846 2267 930 2335; x_wconf 88' lang='lat' dir='ltr'><strong>quae</strong></span> <span class='ocrx_word' id='word_1_88' title='bbox 951 2267 1003 2311; x_wconf 89' lang='lat' dir='ltr'><strong>res</strong></span> <span class='ocrx_word' id='word_1_89' title='bbox 1026 2246 1062 2309; x_wconf 92' lang='lat' dir='ltr'><strong>in</strong></span> <span class='ocrx_word' id='word_1_90' title='bbox 1076 2244 1176 2311; x_wconf 89' lang='lat' dir='ltr'><strong>Troia</strong></span> <span class='ocrx_word' id='word_1_91' title='bbox 1197 2244 1338 2310; x_wconf 85' lang='lat' dir='ltr'><strong>fuissent</strong></span> <span class='ocrx_word' id='word_1_92' title='bbox 1358 2253 1482 2331; x_wconf 83' lang='lat' dir='ltr'><strong>gestae,</strong></span> <span class='ocrx_word' id='word_1_93' title='bbox 1504 2265 1564 2307; x_wconf 90' lang='lat' dir='ltr'><strong>nee</strong></span> 
     </span>
     <span class='ocr_line' id='line_1_14' title="bbox 419 2345 1564 2435; baseline -0.004 -22"><span class='ocrx_word' id='word_1_94' title='bbox 419 2346 500 2435; x_wconf 85' lang='lat' dir='ltr'><strong>quid</strong></span> <span class='ocrx_word' id='word_1_95' title='bbox 521 2345 643 2413; x_wconf 87' lang='lat' dir='ltr'><strong>Thales</strong></span> <span class='ocrx_word' id='word_1_96' title='bbox 665 2347 874 2413; x_wconf 85' lang='lat' dir='ltr'><strong>Democritus</strong></span> <span class='ocrx_word' id='word_1_97' title='bbox 896 2347 1112 2432; x_wconf 82' lang='lat' dir='ltr'><strong>Anaxagoras</strong></span> <span class='ocrx_word' id='word_1_98' title='bbox 1135 2345 1355 2435; x_wconf 87' lang='lat' dir='ltr'><strong>Xenophanes</strong></span> <span class='ocrx_word' id='word_1_99' title='bbox 1383 2345 1564 2433; x_wconf 88' lang='lat' dir='ltr'><strong>reliquique</strong></span> 
     </span>
     <span class='ocr_line' id='line_1_15' title="bbox 418 2448 1564 2540; baseline -0.002 -26"><span class='ocrx_word' id='word_1_100' title='bbox 418 2450 550 2540; x_wconf 85' lang='lat' dir='ltr'><strong>physici</strong></span> <span class='ocrx_word' id='word_1_101' title='bbox 573 2450 754 2516; x_wconf 86' lang='lat' dir='ltr'><strong>sensissent</strong></span> <span class='ocrx_word' id='word_1_102' title='bbox 776 2449 946 2515; x_wconf 85' lang='lat' dir='ltr'><strong>derorum</strong></span> <span class='ocrx_word' id='word_1_103' title='bbox 968 2457 1085 2515; x_wconf 89' lang='lat' dir='ltr'><strong>natura</strong></span> <span class='ocrx_word' id='word_1_104' title='bbox 1108 2462 1253 2537; x_wconf 85' lang='lat' dir='ltr'><strong>quasque</strong></span> <span class='ocrx_word' id='word_1_105' title='bbox 1276 2448 1424 2513; x_wconf 82' lang='lat' dir='ltr'><strong>Socrates</strong></span> <span class='ocrx_word' id='word_1_106' title='bbox 1448 2448 1564 2514; x_wconf 91' lang='lat' dir='ltr'><strong>Platon</strong></span> 
     </span>
     <span class='ocr_line' id='line_1_16' title="bbox 417 2548 1615 2639; baseline -0.005 -20"><span class='ocrx_word' id='word_1_107' title='bbox 417 2549 616 2623; x_wconf 89' lang='lat' dir='ltr'><strong>Aristoteles</strong></span> <span class='ocrx_word' id='word_1_108' title='bbox 652 2550 766 2617; x_wconf 87' lang='lat' dir='ltr'><strong>Zenon</strong></span> <span class='ocrx_word' id='word_1_109' title='bbox 801 2551 964 2639; x_wconf 85' lang='lat' dir='ltr'><strong>Epicurus</strong></span> <span class='ocrx_word' id='word_1_110' title='bbox 1002 2549 1124 2637; x_wconf 89' lang='lat' dir='ltr'><strong>aliique</strong></span> <span class='ocrx_word' id='word_1_111' title='bbox 1161 2548 1347 2638; x_wconf 89' lang='lat' dir='ltr'><strong>philosophi</strong></span> <span class='ocrx_word' id='word_1_112' title='bbox 1379 2550 1563 2616; x_wconf 87' lang='lat' dir='ltr'><strong>hominibus</strong></span> <span class='ocrx_word' id='word_1_113' title='bbox 1585 2573 1615 2621; x_wconf 83' lang='lat'><strong>15</strong></span> 
     </span>
     <span class='ocr_line' id='line_1_17' title="bbox 416 2650 1564 2739; baseline -0.003 -22"><span class='ocrx_word' id='word_1_114' title='bbox 416 2651 568 2739; x_wconf 85' lang='lat' dir='ltr'><strong>agendae</strong></span> <span class='ocrx_word' id='word_1_115' title='bbox 588 2653 677 2719; x_wconf 86' lang='lat' dir='ltr'><strong>ritae</strong></span> <span class='ocrx_word' id='word_1_116' title='bbox 697 2653 941 2721; x_wconf 87' lang='lat' dir='ltr'><strong>terminationes</strong></span> <span class='ocrx_word' id='word_1_117' title='bbox 963 2652 1112 2717; x_wconf 89' lang='lat' dir='ltr'><strong>finissent</strong></span> <span class='ocrx_word' id='word_1_118' title='bbox 1134 2673 1192 2718; x_wconf 93' lang='lat' dir='ltr'><strong>seu</strong></span> <span class='ocrx_word' id='word_1_119' title='bbox 1213 2652 1352 2718; x_wconf 79' lang='lat' dir='ltr'><strong>Croesus</strong></span> <span class='ocrx_word' id='word_1_120' title='bbox 1375 2650 1564 2717; x_wconf 87' lang='lat' dir='ltr'><strong>Alexander</strong></span> 
     </span>
     <span class='ocr_line' id='line_1_18' title="bbox 416 2752 1563 2843; baseline -0.003 -23"><span class='ocrx_word' id='word_1_121' title='bbox 416 2754 544 2821; x_wconf 89' lang='lat' dir='ltr'><strong>Darius</strong></span> <span class='ocrx_word' id='word_1_122' title='bbox 573 2754 736 2843; x_wconf 88' lang='lat' dir='ltr'><strong>ceterique</strong></span> <span class='ocrx_word' id='word_1_123' title='bbox 762 2775 856 2840; x_wconf 90' lang='lat' dir='ltr'><strong>reges</strong></span> <span class='ocrx_word' id='word_1_124' title='bbox 885 2776 965 2842; x_wconf 91' lang='lat' dir='ltr'><strong>quas</strong></span> <span class='ocrx_word' id='word_1_125' title='bbox 993 2776 1046 2819; x_wconf 92' lang='lat' dir='ltr'><strong>res</strong></span> <span class='ocrx_word' id='word_1_126' title='bbox 1068 2762 1124 2819; x_wconf 92' lang='lat' dir='ltr'><strong>aut</strong></span> <span class='ocrx_word' id='word_1_127' title='bbox 1146 2753 1264 2839; x_wconf 90' lang='lat' dir='ltr'><strong>quibus</strong></span> <span class='ocrx_word' id='word_1_128' title='bbox 1287 2752 1469 2818; x_wconf 88' lang='lat' dir='ltr'><strong>rationibus</strong></span> <span class='ocrx_word' id='word_1_129' title='bbox 1491 2775 1563 2838; x_wconf 88' lang='lat' dir='ltr'><strong>ges·</strong></span> 
     </span>
     <span class='ocr_line' id='line_1_19' title="bbox 416 2854 1563 2945; baseline -0.004 -22"><span class='ocrx_word' id='word_1_130' title='bbox 416 2859 541 2924; x_wconf 89' lang='lat' dir='ltr'><strong>sissent</strong></span> <span class='ocrx_word' id='word_1_131' title='bbox 554 2854 815 2942; x_wconf 81' lang='lat' dir='ltr'><strong>fuissentnotae,</strong></span> <span class='ocrx_word' id='word_1_132' title='bbox 836 2857 901 2923; x_wconf 90' lang='lat' dir='ltr'><strong>nisi</strong></span> <span class='ocrx_word' id='word_1_133' title='bbox 923 2857 1061 2923; x_wconf 89' lang='lat' dir='ltr'><strong>maiores</strong></span> <span class='ocrx_word' id='word_1_134' title='bbox 1083 2866 1329 2945; x_wconf 89' lang='lat' dir='ltr'><strong>praeceptorum</strong></span> <span class='ocrx_word' id='word_1_135' title='bbox 1352 2855 1563 2942; x_wconf 88' lang='lat' dir='ltr'><strong>comparatio-</strong></span> 
     </span>
     <span class='ocr_line' id='line_1_20' title="bbox 415 2956 1563 3046; baseline -0.004 -20"><span class='ocrx_word' id='word_1_136' title='bbox 415 2959 519 3026; x_wconf 88' lang='lat' dir='ltr'><strong>nibus</strong></span> <span class='ocrx_word' id='word_1_137' title='bbox 540 2958 685 3026; x_wconf 88' lang='lat' dir='ltr'><strong>omnium</strong></span> <span class='ocrx_word' id='word_1_138' title='bbox 706 2960 879 3026; x_wconf 87' lang='lat' dir='ltr'><strong>memoriae</strong></span> <span class='ocrx_word' id='word_1_139' title='bbox 899 2960 942 3024; x_wconf 90' lang='lat' dir='ltr'><strong>ad</strong></span> <span class='ocrx_word' id='word_1_140' title='bbox 964 2959 1188 3046; x_wconf 86' lang='lat' dir='ltr'><strong>posteritatem</strong></span> <span class='ocrx_word' id='word_1_141' title='bbox 1210 2956 1448 3022; x_wconf 88' lang='lat' dir='ltr'><strong>commentariis</strong></span> <span class='ocrx_word' id='word_1_142' title='bbox 1471 2966 1563 3022; x_wconf 78' lang='lat' dir='ltr'><strong>extu-</strong></span> 
     </span>
    </p>

    <p class='ocr_par' dir='ltr' id='par_1_6' title="bbox 380 3056 1615 3254">
     <span class='ocr_line' id='line_1_21' title="bbox 380 3056 1615 3150; baseline -0.005 -24"><span class='ocrx_word' id='word_1_143' title='bbox 380 3062 548 3138; x_wconf 78' lang='lat' dir='ltr'><strong>alissent.</strong></span> <span class='ocrx_word' id='word_1_144' title='bbox 602 3061 712 3150; x_wconf 83' lang='lat' dir='ltr'><strong>itaque</strong></span> <span class='ocrx_word' id='word_1_145' title='bbox 744 3061 1017 3149; x_wconf 90' lang='lat' dir='ltr'><strong>quemadmodum</strong></span> <span class='ocrx_word' id='word_1_146' title='bbox 1055 3060 1106 3126; x_wconf 90' lang='lat' dir='ltr'><strong>his</strong></span> <span class='ocrx_word' id='word_1_147' title='bbox 1139 3060 1265 3146; x_wconf 87' lang='lat' dir='ltr'><strong>gratiae</strong></span> <span class='ocrx_word' id='word_1_148' title='bbox 1298 3066 1373 3123; x_wconf 92' lang='lat' dir='ltr'><strong>sunt</strong></span> <span class='ocrx_word' id='word_1_149' title='bbox 1405 3056 1562 3142; x_wconf 86' lang='lat' dir='ltr'><strong>agendae,</strong></span> <span class='ocrx_word' id='word_1_150' title='bbox 1582 3085 1615 3133; x_wconf 76' lang='lat'><strong>20</strong></span> 
     </span>
     <span class='ocr_line' id='line_1_22' title="bbox 415 3159 1564 3254; baseline -0.001 -26"><span class='ocrx_word' id='word_1_151' title='bbox 415 3172 535 3232; x_wconf 86' lang='lat' dir='ltr'><strong>contra</strong></span> <span class='ocrx_word' id='word_1_152' title='bbox 563 3163 619 3254; x_wconf 87' lang='lat' dir='ltr'><strong>qui</strong></span> <span class='ocrx_word' id='word_1_153' title='bbox 648 3185 759 3232; x_wconf 87' lang='lat' dir='ltr'><strong>eorum</strong></span> <span class='ocrx_word' id='word_1_154' title='bbox 785 3164 909 3252; x_wconf 85' lang='lat' dir='ltr'><strong>scripta</strong></span> <span class='ocrx_word' id='word_1_155' title='bbox 936 3164 1082 3230; x_wconf 87' lang='lat' dir='ltr'><strong>furantes</strong></span> <span class='ocrx_word' id='word_1_156' title='bbox 1104 3185 1164 3250; x_wconf 92' lang='lat' dir='ltr'><strong>pro</strong></span> <span class='ocrx_word' id='word_1_157' title='bbox 1186 3162 1254 3226; x_wconf 92' lang='lat' dir='ltr'><strong>suis</strong></span> <span class='ocrx_word' id='word_1_158' title='bbox 1277 3159 1467 3249; x_wconf 88' lang='lat' dir='ltr'><strong>praedicant</strong></span> <span class='ocrx_word' id='word_1_159' title='bbox 1489 3169 1564 3227; x_wconf 90' lang='lat' dir='ltr'><strong>sunt</strong></span> 
     </span>
    </p>
   </div>
   <div class='ocr_carea' id='block_1_5' title="bbox 413 3432 1564 3588">
    <p class='ocr_par' dir='ltr' id='par_1_7' title="bbox 413 3432 1564 3588">
     <span class='ocr_line' id='line_1_23' title="bbox 490 3432 1564 3505; baseline -0.002 -18"><span class='ocrx_word' id='word_1_160' title='bbox 490 3439 506 3487; x_wconf 87' lang='lat'>1</span> <span class='ocrx_word' id='word_1_161' title='bbox 525 3435 740 3504; x_wconf 82' lang='lat' dir='ltr'><strong>expolitionibus</strong></span> <span class='ocrx_word' id='word_1_162' title='bbox 756 3439 809 3489; x_wconf 69' lang='lat' dir='ltr'><strong><em>va</em></strong></span> <span class='ocrx_word' id='word_1_163' title='bbox 831 3438 1066 3505; x_wconf 87' lang='lat' dir='ltr'><strong>expoliationibus</strong></span> <span class='ocrx_word' id='word_1_164' title='bbox 1087 3438 1137 3488; x_wconf 77' lang='lat' dir='ltr'><strong>GH</strong></span> <span class='ocrx_word' id='word_1_165' title='bbox 1154 3433 1190 3501; x_wconf 87' lang='lat' dir='ltr'><strong>(le</strong></span> <span class='ocrx_word' id='word_1_166' title='bbox 1207 3442 1232 3487; x_wconf 83' lang='lat' dir='ltr'><strong>et</strong></span> <span class='ocrx_word' id='word_1_167' title='bbox 1248 3443 1308 3487; x_wconf 83' lang='lat' dir='ltr'><strong>ante</strong></span> <span class='ocrx_word' id='word_1_168' title='bbox 1325 3451 1394 3488; x_wconf 82' lang='lat' dir='ltr'><strong>corr.</strong></span> <span class='ocrx_word' id='word_1_169' title='bbox 1413 3435 1457 3500; x_wconf 83' lang='lat' dir='ltr'><strong>L).</strong></span> <span class='ocrx_word' id='word_1_170' title='bbox 1479 3432 1491 3502; x_wconf 78' lang='lat' dir='ltr'><strong>ll</strong></span> <span class='ocrx_word' id='word_1_171' title='bbox 1517 3451 1564 3486; x_wconf 89' lang='lat' dir='ltr'><strong>an·</strong></span> 
     </span>
     <span class='ocr_line' id='line_1_24' title="bbox 413 3518 1300 3588; baseline 0.002 -15"><span class='ocrx_word' id='word_1_172' title='bbox 413 3527 490 3573; x_wconf 83' lang='lat' dir='ltr'><strong>tem:</strong></span> <span class='ocrx_word' id='word_1_173' title='bbox 513 3527 606 3575; x_wconf 71' lang='lat' dir='ltr'><strong>amite</strong></span> <span class='ocrx_word' id='word_1_174' title='bbox 623 3536 692 3576; x_wconf 77' lang='lat' dir='ltr'><strong>corr.</strong></span> <span class='ocrx_word' id='word_1_175' title='bbox 713 3523 734 3574; x_wconf 80' lang='grc' dir='ltr'>θ</span> <span class='ocrx_word' id='word_1_176' title='bbox 752 3521 814 3588; x_wconf 76' lang='lat' dir='ltr'><strong>(aas</strong></span> <span class='ocrx_word' id='word_1_177' title='bbox 830 3538 911 3588; x_wconf 80' lang='lat' dir='ltr'><strong>supra</strong></span> <span class='ocrx_word' id='word_1_178' title='bbox 927 3538 978 3573; x_wconf 84' lang='lat' dir='ltr'><strong>scr.</strong></span> <span class='ocrx_word' id='word_1_179' title='bbox 998 3522 1052 3586; x_wconf 73' lang='lat'><strong>6⁶).</strong></span> <span class='ocrx_word' id='word_1_180' title='bbox 1074 3518 1086 3587; x_wconf 79' lang='lat' dir='ltr'><strong>ll</strong></span> <span class='ocrx_word' id='word_1_181' title='bbox 1109 3522 1167 3572; x_wconf 86' lang='lat' dir='ltr'><strong>uti:</strong></span> <span class='ocrx_word' id='word_1_182' title='bbox 1185 3524 1224 3572; x_wconf 83' lang='lat' dir='ltr'><strong>stc</strong></span> <span class='ocrx_word' id='word_1_183' title='bbox 1243 3522 1300 3576; x_wconf 83' lang='lat' dir='ltr'><strong>GH.</strong></span> 
     </span>
    </p>
   </div>
   <div class='ocr_carea' id='block_1_6' title="bbox 414 3651 1565 3893">
    <p class='ocr_par' dir='ltr' id='par_1_8' title="bbox 414 3651 1565 3893">
     <span class='ocr_line' id='line_1_25' title="bbox 454 3651 1563 3723; baseline -0.001 -15"><span class='ocrx_word' id='word_1_184' title='bbox 454 3675 457 3682; x_wconf 67' lang='lat'><em>¹</em></span> <span class='ocrx_word' id='word_1_185' title='bbox 489 3655 613 3708; x_wconf 78' lang='lat' dir='ltr'><strong>vitruvii</strong></span> <span class='ocrx_word' id='word_1_186' title='bbox 628 3651 700 3710; x_wconf 86' lang='lat' dir='ltr'><strong>iiber</strong></span> <span class='ocrx_word' id='word_1_187' title='bbox 710 3657 758 3709; x_wconf 86' lang='lat' dir='ltr'><strong>VI.</strong></span> <span class='ocrx_word' id='word_1_188' title='bbox 777 3656 882 3723; x_wconf 81' lang='lat' dir='ltr'><strong>(sextus</strong></span> <span class='ocrx_word' id='word_1_189' title='bbox 894 3657 929 3722; x_wconf 85' lang='lat' dir='ltr'><strong>L)</strong></span> <span class='ocrx_word' id='word_1_190' title='bbox 948 3657 1080 3723; x_wconf 82' lang='lat' dir='ltr'><strong>explicit.</strong></span> <span class='ocrx_word' id='word_1_191' title='bbox 1093 3657 1194 3722; x_wconf 85' lang='lat' dir='ltr'><strong>incipit</strong></span> <span class='ocrx_word' id='word_1_192' title='bbox 1211 3656 1282 3708; x_wconf 86' lang='lat' dir='ltr'><strong>liber</strong></span> <span class='ocrx_word' id='word_1_193' title='bbox 1299 3657 1432 3722; x_wconf 86' lang='lat' dir='ltr'><strong>septimus</strong></span> <span class='ocrx_word' id='word_1_194' title='bbox 1445 3654 1518 3719; x_wconf 90' lang='lat' dir='ltr'>(VII.</span> <span class='ocrx_word' id='word_1_195' title='bbox 1533 3657 1563 3720; x_wconf 83' lang='lat' dir='ltr'><strong>G)</strong></span> 
     </span>
     <span class='ocr_line' id='line_1_26' title="bbox 417 3739 1565 3807; baseline -0.002 -14"><span class='ocrx_word' id='word_1_196' title='bbox 417 3741 476 3793; x_wconf 83' lang='lat' dir='ltr'><strong>GH</strong></span> <span class='ocrx_word' id='word_1_197' title='bbox 503 3739 549 3805; x_wconf 82' lang='lat' dir='ltr'><strong>(L,</strong></span> <span class='ocrx_word' id='word_1_198' title='bbox 570 3741 687 3807; x_wconf 83' lang='lat' dir='ltr'><strong>explicit</strong></span> <span class='ocrx_word' id='word_1_199' title='bbox 706 3741 779 3794; x_wconf 88' lang='lat' dir='ltr'><strong>liber</strong></span> <span class='ocrx_word' id='word_1_200' title='bbox 805 3747 897 3795; x_wconf 82' lang='lat' dir='ltr'><strong>sextus</strong></span> <span class='ocrx_word' id='word_1_201' title='bbox 918 3742 1160 3806; x_wconf 85' lang='lat' dir='ltr'><strong>vitruvii.incipit</strong></span> <span class='ocrx_word' id='word_1_202' title='bbox 1185 3741 1257 3792; x_wconf 89' lang='lat' dir='ltr'><strong>liber</strong></span> <span class='ocrx_word' id='word_1_203' title='bbox 1276 3742 1410 3806; x_wconf 88' lang='lat' dir='ltr'><strong>septimus</strong></span> <span class='ocrx_word' id='word_1_204' title='bbox 1428 3746 1447 3800; x_wconf 83' lang='lat'><strong>1,</strong></span> <span class='ocrx_word' id='word_1_205' title='bbox 1472 3747 1565 3791; x_wconf 79' lang='lat' dir='ltr'><strong>sextus</strong></span> 
     </span>
     <span class='ocr_line' id='line_1_27' title="bbox 414 3825 1131 3893; baseline -0.001 -15"><span class='ocrx_word' id='word_1_206' title='bbox 414 3826 495 3878; x_wconf 86' lang='lat' dir='ltr'><strong>liber</strong></span> <span class='ocrx_word' id='word_1_207' title='bbox 513 3825 647 3892; x_wconf 86' lang='lat' dir='ltr'><strong>explicit.</strong></span> <span class='ocrx_word' id='word_1_208' title='bbox 660 3827 761 3893; x_wconf 83' lang='lat' dir='ltr'><strong>incipit</strong></span> <span class='ocrx_word' id='word_1_209' title='bbox 776 3828 909 3892; x_wconf 88' lang='lat' dir='ltr'><strong>septimus</strong></span> <span class='ocrx_word' id='word_1_210' title='bbox 926 3843 948 3885; x_wconf 91' lang='lat' dir='ltr'><strong>c,</strong></span> <span class='ocrx_word' id='word_1_211' title='bbox 965 3830 1021 3878; x_wconf 80' lang='lat' dir='ltr'><strong>sine</strong></span> <span class='ocrx_word' id='word_1_212' title='bbox 1039 3828 1077 3877; x_wconf 84' lang='lat' dir='ltr'><strong>tit.</strong></span> <span class='ocrx_word' id='word_1_213' title='bbox 1095 3826 1131 3892; x_wconf 84' lang='lat' dir='ltr'><strong>t).</strong></span> 
     </span>
    </p>
   </div>
   <div class='ocr_carea' id='block_1_7' title="bbox 417 3940 1566 4686">
    <p class='ocr_par' dir='ltr' id='par_1_9' title="bbox 417 3940 1566 4686">
     <span class='ocr_line' id='line_1_28' title="bbox 491 3940 1563 4012; baseline -0.003 -17"><span class='ocrx_word' id='word_1_214' title='bbox 491 3943 570 3995; x_wconf 80' lang='lat' dir='ltr'><strong>sut:</strong></span> <span class='ocrx_word' id='word_1_215' title='bbox 588 3945 626 3994; x_wconf 75' lang='lat' dir='ltr'><strong>sie</strong></span> <span class='ocrx_word' id='word_1_216' title='bbox 645 3944 705 3999; x_wconf 83' lang='lat' dir='ltr'><strong>GH.</strong></span> <span class='ocrx_word' id='word_1_217' title='bbox 726 3940 739 4010; x_wconf 88' lang='grc'><em>11</em></span> <span class='ocrx_word' id='word_1_218' title='bbox 761 3944 838 3995; x_wconf 68' lang='lat' dir='ltr'><strong>aliis</strong></span> <span class='ocrx_word' id='word_1_219' title='bbox 858 3944 916 3994; x_wconf 82' lang='lat' dir='ltr'><strong>GH.</strong></span> <span class='ocrx_word' id='word_1_220' title='bbox 939 3940 952 4011; x_wconf 85' lang='grc' dir='ltr'><strong>ΙΙ</strong></span> <span class='ocrx_word' id='word_1_221' title='bbox 976 3946 1006 3993; x_wconf 91' lang='grc'><strong>11</strong></span> <span class='ocrx_word' id='word_1_222' title='bbox 1024 3945 1065 3994; x_wconf 90' lang='lat' dir='ltr'><strong>ita</strong></span> <span class='ocrx_word' id='word_1_223' title='bbox 1087 3945 1128 3994; x_wconf 91' lang='lat' dir='ltr'><strong>ita</strong></span> <span class='ocrx_word' id='word_1_224' title='bbox 1145 3945 1184 3994; x_wconf 83' lang='lat' dir='ltr'><strong>bia</strong></span> <span class='ocrx_word' id='word_1_225' title='bbox 1204 3945 1237 3993; x_wconf 88' lang='lat' dir='ltr'><strong>H.</strong></span> <span class='ocrx_word' id='word_1_226' title='bbox 1259 3940 1272 4012; x_wconf 76' lang='lat' dir='ltr'><strong>l]</strong></span> <span class='ocrx_word' id='word_1_227' title='bbox 1298 3945 1328 3996; x_wconf 82' lang='lat'><strong>12</strong></span> <span class='ocrx_word' id='word_1_228' title='bbox 1347 3959 1399 3994; x_wconf 89' lang='lat' dir='ltr'><strong>nee</strong></span> <span class='ocrx_word' id='word_1_229' title='bbox 1418 3943 1483 4007; x_wconf 89' lang='lat' dir='ltr'><strong>quid</strong></span> <span class='ocrx_word' id='word_1_230' title='bbox 1507 3945 1563 3993; x_wconf 76' lang='lat' dir='ltr'><strong>ed:</strong></span> 
     </span>
     <span class='ocr_line' id='line_1_29' title="bbox 417 4023 1562 4096; baseline -0.003 -16"><span class='ocrx_word' id='word_1_231' title='bbox 417 4027 525 4093; x_wconf 85' lang='lat' dir='ltr'><strong>nequid</strong></span> <span class='ocrx_word' id='word_1_232' title='bbox 545 4027 604 4080; x_wconf 79' lang='lat'><strong>011.</strong></span> <span class='ocrx_word' id='word_1_233' title='bbox 619 4023 632 4096; x_wconf 75' lang='lat' dir='ltr'><strong>ll</strong></span> <span class='ocrx_word' id='word_1_234' title='bbox 648 4030 680 4080; x_wconf 85' lang='lat' dir='ltr'><strong>la</strong></span> <span class='ocrx_word' id='word_1_235' title='bbox 697 4027 838 4080; x_wconf 77' lang='lat' dir='ltr'><strong>tolerante</strong></span> <span class='ocrx_word' id='word_1_236' title='bbox 849 4044 919 4079; x_wconf 81' lang='lat' dir='ltr'><strong>corr.</strong></span> <span class='ocrx_word' id='word_1_237' title='bbox 933 4029 962 4078; x_wconf 90' lang='lat' dir='ltr'><em>H</em></span> <span class='ocrx_word' id='word_1_238' title='bbox 973 4036 999 4079; x_wconf 87' lang='lat' dir='ltr'><strong>et</strong></span> <span class='ocrx_word' id='word_1_239' title='bbox 1012 4030 1035 4078; x_wconf 84' lang='lat' dir='ltr'><em>L</em></span> <span class='ocrx_word' id='word_1_240' title='bbox 1049 4028 1089 4092; x_wconf 82' lang='lat' dir='ltr'><strong>(l).</strong></span> <span class='ocrx_word' id='word_1_241' title='bbox 1106 4025 1118 4095; x_wconf 83' lang='grc' dir='ltr'><strong>ΙΙ</strong></span> <span class='ocrx_word' id='word_1_242' title='bbox 1136 4042 1272 4079; x_wconf 85' lang='lat' dir='ltr'><strong>anaxoras</strong></span> <span class='ocrx_word' id='word_1_243' title='bbox 1290 4029 1320 4077; x_wconf 83' lang='lat' dir='ltr'><strong>ct</strong></span> <span class='ocrx_word' id='word_1_244' title='bbox 1329 4034 1354 4077; x_wconf 82' lang='lat' dir='ltr'><strong>et</strong></span> <span class='ocrx_word' id='word_1_245' title='bbox 1366 4035 1426 4077; x_wconf 85' lang='lat' dir='ltr'><strong>ante</strong></span> <span class='ocrx_word' id='word_1_246' title='bbox 1437 4042 1506 4079; x_wconf 84' lang='lat' dir='ltr'><strong>corr.</strong></span> <span class='ocrx_word' id='word_1_247' title='bbox 1521 4031 1537 4079; x_wconf 82' lang='lat' dir='ltr'><strong>l.</strong></span> <span class='ocrx_word' id='word_1_248' title='bbox 1551 4025 1562 4092; x_wconf 77' lang='grc' dir='ltr'><strong>ζΙ</strong></span> 
     </span>
     <span class='ocr_line' id='line_1_30' title="bbox 419 4107 1563 4179; baseline -0.003 -16"><span class='ocrx_word' id='word_1_249' title='bbox 419 4115 456 4164; x_wconf 75' lang='grc'><em>11</em></span> <span class='ocrx_word' id='word_1_250' title='bbox 473 4111 571 4179; x_wconf 83' lang='lat' dir='ltr'><strong>platon</strong></span> <span class='ocrx_word' id='word_1_251' title='bbox 656 4128 760 4165; x_wconf 78' lang='lat' dir='ltr'><strong>senon:</strong></span> <span class='ocrx_word' id='word_1_252' title='bbox 778 4114 817 4163; x_wconf 84' lang='lat' dir='ltr'><strong>sic</strong></span> <span class='ocrx_word' id='word_1_253' title='bbox 836 4113 894 4163; x_wconf 83' lang='lat' dir='ltr'><strong>GH.</strong></span> <span class='ocrx_word' id='word_1_254' title='bbox 914 4107 926 4179; x_wconf 90' lang='grc' dir='ltr'><strong>ΙΙ</strong></span> <span class='ocrx_word' id='word_1_255' title='bbox 947 4114 979 4163; x_wconf 78' lang='grc'><em>15</em></span> <span class='ocrx_word' id='word_1_256' title='bbox 996 4127 1131 4177; x_wconf 85' lang='lat' dir='ltr'><strong>epycurns</strong></span> <span class='ocrx_word' id='word_1_257' title='bbox 1151 4114 1181 4163; x_wconf 84' lang='lat' dir='ltr'><strong>G.</strong></span> <span class='ocrx_word' id='word_1_258' title='bbox 1198 4110 1210 4178; x_wconf 79' lang='lat' dir='ltr'><strong>ll</strong></span> <span class='ocrx_word' id='word_1_259' title='bbox 1226 4111 1381 4177; x_wconf 80' lang='lat' dir='ltr'><strong>philosophi</strong></span> <span class='ocrx_word' id='word_1_260' title='bbox 1400 4109 1464 4175; x_wconf 84' lang='lat' dir='ltr'><strong>(sine</strong></span> <span class='ocrx_word' id='word_1_261' title='bbox 1482 4109 1563 4174; x_wconf 78' lang='lat' dir='ltr'><strong>corr.)</strong></span> 
     </span>
     <span class='ocr_line' id='line_1_31' title="bbox 420 4192 1563 4264; baseline -0.004 -15"><span class='ocrx_word' id='word_1_262' title='bbox 420 4199 455 4249; x_wconf 83' lang='lat' dir='ltr'><strong>G.</strong></span> <span class='ocrx_word' id='word_1_263' title='bbox 482 4192 495 4264; x_wconf 83' lang='grc' dir='ltr'><strong>ΙΙ</strong></span> <span class='ocrx_word' id='word_1_264' title='bbox 524 4197 557 4248; x_wconf 73' lang='lat' dir='ltr'><strong>lt</strong></span> <span class='ocrx_word' id='word_1_265' title='bbox 576 4194 705 4248; x_wconf 83' lang='lat' dir='ltr'><strong>finissent</strong></span> <span class='ocrx_word' id='word_1_266' title='bbox 732 4197 792 4248; x_wconf 82' lang='lat' dir='ltr'><strong>GH.</strong></span> <span class='ocrx_word' id='word_1_267' title='bbox 820 4193 832 4264; x_wconf 86' lang='grc' dir='ltr'><strong>ΙΙ</strong></span> <span class='ocrx_word' id='word_1_268' title='bbox 861 4210 987 4247; x_wconf 86' lang='lat' dir='ltr'><strong>croessus</strong></span> <span class='ocrx_word' id='word_1_269' title='bbox 1016 4196 1066 4246; x_wconf 85' lang='lat' dir='ltr'><strong>GH</strong></span> <span class='ocrx_word' id='word_1_270' title='bbox 1088 4194 1173 4260; x_wconf 82' lang='lat' dir='ltr'><strong>(Lte),</strong></span> <span class='ocrx_word' id='word_1_271' title='bbox 1201 4199 1249 4246; x_wconf 80' lang='lat' dir='ltr'><strong>sed</strong></span> <span class='ocrx_word' id='word_1_272' title='bbox 1270 4210 1383 4246; x_wconf 86' lang='lat' dir='ltr'><strong>coessus</strong></span> <span class='ocrx_word' id='word_1_273' title='bbox 1411 4202 1469 4245; x_wconf 83' lang='lat' dir='ltr'><strong>unte</strong></span> <span class='ocrx_word' id='word_1_274' title='bbox 1495 4211 1563 4245; x_wconf 78' lang='lat' dir='ltr'><strong>corr.</strong></span> 
     </span>
     <span class='ocr_line' id='line_1_32' title="bbox 420 4277 1565 4348; baseline -0.002 -17"><span class='ocrx_word' id='word_1_275' title='bbox 420 4281 454 4331; x_wconf 92' lang='lat' dir='ltr'><em>H</em></span> <span class='ocrx_word' id='word_1_276' title='bbox 471 4277 601 4348; x_wconf 78' lang='lat' dir='ltr'><strong>(seuclre</strong></span> <span class='ocrx_word' id='word_1_277' title='bbox 620 4296 696 4332; x_wconf 84' lang='lat' dir='ltr'><strong>essue</strong></span> <span class='ocrx_word' id='word_1_278' title='bbox 714 4288 773 4333; x_wconf 82' lang='lat' dir='ltr'><strong>ante</strong></span> <span class='ocrx_word' id='word_1_279' title='bbox 791 4297 844 4332; x_wconf 82' lang='lat' dir='ltr'><strong>ras.</strong></span> <span class='ocrx_word' id='word_1_280' title='bbox 864 4282 897 4340; x_wconf 78' lang='lat' dir='ltr'><strong>G,</strong></span> <span class='ocrx_word' id='word_1_281' title='bbox 916 4279 1110 4345; x_wconf 79' lang='lat' dir='ltr'><strong>ssuleroessus</strong></span> <span class='ocrx_word' id='word_1_282' title='bbox 1130 4280 1186 4347; x_wconf 76' lang='lat'><em>60).</em></span> <span class='ocrx_word' id='word_1_283' title='bbox 1208 4278 1220 4346; x_wconf 77' lang='lat' dir='ltr'><strong>ll</strong></span> <span class='ocrx_word' id='word_1_284' title='bbox 1246 4283 1276 4331; x_wconf 80' lang='lat'><strong>17</strong></span> <span class='ocrx_word' id='word_1_285' title='bbox 1299 4293 1399 4343; x_wconf 88' lang='lat' dir='ltr'><strong>quares</strong></span> <span class='ocrx_word' id='word_1_286' title='bbox 1418 4286 1477 4329; x_wconf 83' lang='lat' dir='ltr'><strong>ante</strong></span> <span class='ocrx_word' id='word_1_287' title='bbox 1495 4296 1565 4329; x_wconf 73' lang='lat' dir='ltr'><strong>corr.</strong></span> 
     </span>
     <span class='ocr_line' id='line_1_33' title="bbox 420 4359 1564 4432; baseline -0.003 -17"><span class='ocrx_word' id='word_1_288' title='bbox 420 4365 461 4416; x_wconf 89' lang='lat' dir='ltr'><strong>H.</strong></span> <span class='ocrx_word' id='word_1_289' title='bbox 484 4362 497 4432; x_wconf 84' lang='grc' dir='ltr'><strong>ΙΙ</strong></span> <span class='ocrx_word' id='word_1_290' title='bbox 520 4367 553 4417; x_wconf 83' lang='grc'><em>18</em></span> <span class='ocrx_word' id='word_1_291' title='bbox 570 4359 692 4417; x_wconf 82' lang='lat' dir='ltr'><strong>iulssent</strong></span> <span class='ocrx_word' id='word_1_292' title='bbox 703 4370 785 4417; x_wconf 90' lang='lat' dir='ltr'><strong>notae</strong></span> <span class='ocrx_word' id='word_1_293' title='bbox 798 4367 826 4415; x_wconf 94' lang='lat' dir='ltr'><em>H</em></span> <span class='ocrx_word' id='word_1_294' title='bbox 838 4364 880 4427; x_wconf 84' lang='lat' dir='ltr'><strong>(lc,</strong></span> <span class='ocrx_word' id='word_1_295' title='bbox 893 4369 977 4415; x_wconf 89' lang='lat' dir='ltr'><strong>notae</strong></span> <span class='ocrx_word' id='word_1_296' title='bbox 990 4365 1109 4414; x_wconf 87' lang='lat' dir='ltr'><strong>fuissent</strong></span> <span class='ocrx_word' id='word_1_297' title='bbox 1121 4364 1170 4429; x_wconf 87' lang='lat' dir='ltr'><strong>L):</strong></span> <span class='ocrx_word' id='word_1_298' title='bbox 1189 4381 1243 4415; x_wconf 91' lang='lat' dir='ltr'><strong>non</strong></span> <span class='ocrx_word' id='word_1_299' title='bbox 1257 4365 1376 4414; x_wconf 85' lang='lat' dir='ltr'><strong>fuissent</strong></span> <span class='ocrx_word' id='word_1_300' title='bbox 1387 4369 1452 4430; x_wconf 71' lang='lat' dir='ltr'><strong>note</strong></span> <span class='ocrx_word' id='word_1_301' title='bbox 1472 4361 1564 4429; x_wconf 69' lang='lat' dir='ltr'><strong>(nocte</strong></span> 
     </span>
     <span class='ocr_line' id='line_1_34' title="bbox 421 4445 1563 4516; baseline -0.002 -17"><span class='ocrx_word' id='word_1_302' title='bbox 421 4456 484 4500; x_wconf 83' lang='lat' dir='ltr'><strong>ante</strong></span> <span class='ocrx_word' id='word_1_303' title='bbox 502 4449 583 4512; x_wconf 81' lang='lat' dir='ltr'><strong>corr.)</strong></span> <span class='ocrx_word' id='word_1_304' title='bbox 603 4449 633 4500; x_wconf 82' lang='lat' dir='ltr'><strong>G.</strong></span> <span class='ocrx_word' id='word_1_305' title='bbox 655 4445 669 4515; x_wconf 88' lang='grc' dir='ltr'><strong>ΙΙ</strong></span> <span class='ocrx_word' id='word_1_306' title='bbox 690 4456 900 4516; x_wconf 88' lang='lat' dir='ltr'><strong>praeceptorem</strong></span> <span class='ocrx_word' id='word_1_307' title='bbox 917 4457 975 4500; x_wconf 84' lang='lat' dir='ltr'><strong>ante</strong></span> <span class='ocrx_word' id='word_1_308' title='bbox 992 4465 1062 4500; x_wconf 83' lang='lat' dir='ltr'><strong>corr.</strong></span> <span class='ocrx_word' id='word_1_309' title='bbox 1082 4449 1117 4499; x_wconf 91' lang='lat' dir='ltr'><strong>H.</strong></span> <span class='ocrx_word' id='word_1_310' title='bbox 1143 4445 1154 4516; x_wconf 75' lang='lat' dir='ltr'><strong>ll</strong></span> <span class='ocrx_word' id='word_1_311' title='bbox 1177 4450 1335 4512; x_wconf 78' lang='lat' dir='ltr'><strong>aditaque:</strong></span> <span class='ocrx_word' id='word_1_312' title='bbox 1355 4449 1399 4498; x_wconf 87' lang='lat' dir='ltr'><strong>Ita</strong></span> <span class='ocrx_word' id='word_1_313' title='bbox 1418 4455 1477 4498; x_wconf 84' lang='lat' dir='ltr'><strong>ante</strong></span> <span class='ocrx_word' id='word_1_314' title='bbox 1495 4464 1563 4498; x_wconf 87' lang='lat' dir='ltr'><strong>corr.</strong></span> 
     </span>
     <span class='ocr_line' id='line_1_35' title="bbox 423 4530 1566 4600; baseline -0.003 -16"><span class='ocrx_word' id='word_1_315' title='bbox 423 4533 456 4584; x_wconf 76' lang='grc' dir='ltr'><strong>θ.</strong></span> <span class='ocrx_word' id='word_1_316' title='bbox 479 4530 492 4600; x_wconf 90' lang='grc' dir='ltr'><strong>ΙΙ</strong></span> <span class='ocrx_word' id='word_1_317' title='bbox 516 4532 632 4600; x_wconf 81' lang='lat' dir='ltr'><strong>agendae</strong></span> <span class='ocrx_word' id='word_1_318' title='bbox 643 4571 650 4587; x_wconf 92' lang='lat'><em>.</em></span> <span class='ocrx_word' id='word_1_319' title='bbox 661 4539 756 4585; x_wconf 88' lang='lat' dir='ltr'><strong>contra</strong></span> <span class='ocrx_word' id='word_1_320' title='bbox 773 4535 811 4585; x_wconf 80' lang='lat' dir='ltr'><strong>L:</strong></span> <span class='ocrx_word' id='word_1_321' title='bbox 839 4534 961 4600; x_wconf 73' lang='lat' dir='ltr'><strong>agendo.</strong></span> <span class='ocrx_word' id='word_1_322' title='bbox 975 4532 979 4595; x_wconf 83' lang='lat' dir='ltr'><strong>l</strong></span> <span class='ocrx_word' id='word_1_323' title='bbox 992 4536 1106 4583; x_wconf 86' lang='lat' dir='ltr'><strong>econtra</strong></span> <span class='ocrx_word' id='word_1_324' title='bbox 1126 4533 1147 4582; x_wconf 82' lang='lat' dir='ltr'><em>G</em></span> <span class='ocrx_word' id='word_1_325' title='bbox 1164 4530 1222 4595; x_wconf 85' lang='lat' dir='ltr'><strong>(sed</strong></span> <span class='ocrx_word' id='word_1_326' title='bbox 1239 4533 1273 4582; x_wconf 76' lang='lat'><strong>6⁶</strong></span> <span class='ocrx_word' id='word_1_327' title='bbox 1288 4533 1314 4582; x_wconf 83' lang='lat' dir='ltr'><strong>ia</strong></span> <span class='ocrx_word' id='word_1_328' title='bbox 1328 4535 1380 4596; x_wconf 72' lang='lat' dir='ltr'><strong>stne</strong></span> <span class='ocrx_word' id='word_1_329' title='bbox 1403 4548 1490 4582; x_wconf 83' lang='lat' dir='ltr'><strong>versus</strong></span> <span class='ocrx_word' id='word_1_330' title='bbox 1505 4538 1566 4596; x_wconf 82' lang='lat' dir='ltr'><strong>post</strong></span> 
     </span>
     <span class='ocr_line' id='line_1_36' title="bbox 423 4609 1563 4686; baseline 0.002 -20"><span class='ocrx_word' id='word_1_331' title='bbox 423 4609 533 4686; x_wconf 71' lang='lat' dir='ltr'><strong>agende</strong></span> <span class='ocrx_word' id='word_1_332' title='bbox 555 4618 617 4669; x_wconf 83' lang='lat' dir='ltr'><strong>add.</strong></span> <span class='ocrx_word' id='word_1_333' title='bbox 641 4617 706 4683; x_wconf 86' lang='lat' dir='ltr'><strong>sie),</strong></span> <span class='ocrx_word' id='word_1_334' title='bbox 731 4618 881 4684; x_wconf 79' lang='lat' dir='ltr'><strong>agendaest</strong></span> <span class='ocrx_word' id='word_1_335' title='bbox 902 4622 1000 4668; x_wconf 89' lang='lat' dir='ltr'><strong>eontra</strong></span> <span class='ocrx_word' id='word_1_336' title='bbox 1018 4618 1048 4665; x_wconf 88' lang='lat' dir='ltr'><strong>II</strong></span> <span class='ocrx_word' id='word_1_337' title='bbox 1064 4616 1090 4679; x_wconf 91' lang='lat' dir='ltr'><strong>(c</strong></span> <span class='ocrx_word' id='word_1_338' title='bbox 1108 4624 1133 4667; x_wconf 85' lang='lat' dir='ltr'><strong>et</strong></span> <span class='ocrx_word' id='word_1_339' title='bbox 1150 4624 1209 4666; x_wconf 87' lang='lat' dir='ltr'><strong>ante</strong></span> <span class='ocrx_word' id='word_1_340' title='bbox 1227 4633 1296 4668; x_wconf 88' lang='lat' dir='ltr'><strong>cerr.</strong></span> <span class='ocrx_word' id='word_1_341' title='bbox 1315 4617 1339 4678; x_wconf 77' lang='lat' dir='ltr'><strong>lt,</strong></span> <span class='ocrx_word' id='word_1_342' title='bbox 1357 4618 1416 4667; x_wconf 83' lang='lat' dir='ltr'><strong>item</strong></span> <span class='ocrx_word' id='word_1_343' title='bbox 1432 4624 1492 4682; x_wconf 87' lang='lat' dir='ltr'><strong>post</strong></span> <span class='ocrx_word' id='word_1_344' title='bbox 1513 4618 1563 4682; x_wconf 86' lang='lat' dir='ltr'><strong>ips.</strong></span> 
     </span>
    </p>
   </div>
   <div class='ocr_carea' id='block_1_8' title="bbox 423 4703 1276 4805">
    <p class='ocr_par' dir='ltr' id='par_1_10' title="bbox 423 4703 1276 4805">
     <span class='ocr_line' id='line_1_37' title="bbox 423 4703 1276 4805; baseline 0 -17"><span class='ocrx_word' id='word_1_345' title='bbox 423 4751 495 4789; x_wconf 82' lang='lat' dir='ltr'><strong>eurr.</strong></span> <span class='ocrx_word' id='word_1_346' title='bbox 513 4738 523 4788; x_wconf 85' lang='lat'><em>1</em></span> <span class='ocrx_word' id='word_1_347' title='bbox 538 4736 581 4790; x_wconf 80' lang='lat' dir='ltr'><strong>ati</strong></span> <span class='ocrx_word' id='word_1_348' title='bbox 597 4738 635 4788; x_wconf 84' lang='lat' dir='ltr'><strong>sic</strong></span> <span class='ocrx_word' id='word_1_349' title='bbox 654 4737 760 4805; x_wconf 79' lang='lat' dir='ltr'><strong>agenda</strong></span> <span class='ocrx_word' id='word_1_350' title='bbox 779 4703 811 4802; x_wconf 66' lang='lat' dir='ltr'><strong>{li</strong></span> <span class='ocrx_word' id='word_1_351' title='bbox 830 4742 936 4802; x_wconf 70' lang='lat' dir='ltr'><strong>cenna,</strong></span> <span class='ocrx_word' id='word_1_352' title='bbox 955 4734 1064 4805; x_wconf 84' lang='lat' dir='ltr'><strong>agenda</strong></span> <span class='ocrx_word' id='word_1_353' title='bbox 1083 4751 1097 4790; x_wconf 87' lang='lat' dir='ltr'><strong>e</strong></span> <span class='ocrx_word' id='word_1_354' title='bbox 1116 4739 1213 4788; x_wconf 87' lang='lat' dir='ltr'><strong>contra</strong></span> <span class='ocrx_word' id='word_1_355' title='bbox 1229 4733 1276 4802; x_wconf 73' lang='lat'><em>11²).</em></span> 
     </span>
    </p>
   </div>
   <div class='ocr_carea' id='block_1_9' title="bbox 0 0 2024 5825">
    <p class='ocr_par' dir='ltr' id='par_1_11' title="bbox 0 0 2024 5825">
     <span class='ocr_line' id='line_1_38' title="bbox 0 0 2024 5825; baseline 0 0"><span class='ocrx_word' id='word_1_356' title='bbox 0 0 2024 5825; x_wconf 95' lang='lat' dir='ltr'><strong> </strong></span> 
     </span>
    </p>
   </div>
  </div>
 </body>
</html>
