3984 5825
419 677 478 740 196
898 692 1057 738 virauvu

416 846 503 908 mine
525 853 557 907 et
584 843 683 907 latere
711 853 851 908 testaceo
874 853 1032 908 structum
1060 866 1188 907 murum
1211 843 1399 908 Samiramis
1425 843 1573 905 circum·

415 945 507 1010 dedit
533 944 706 1033 Babyloni.
756 947 835 1009 item
862 944 941 1030 Iope
972 946 1007 1007 in
1035 944 1132 1032 Syria
1158 943 1347 1032 Arabiaque
1375 941 1571 1008 Nomadum

415 1046 504 1112 lacus
528 1057 603 1112 sunt
624 1048 747 1111 inmani
768 1045 994 1132 magnitudine
1010 1047 1066 1132 qui
1089 1047 1241 1110 emittunt
1263 1046 1436 1110 bituminis
1459 1044 1569 1108 maxi·

415 1171 484 1213 mas
506 1148 622 1232 moles,
646 1171 726 1234 quas
749 1147 909 1235 diripiunt
931 1149 987 1235 qui
1009 1146 1159 1211 habitant
1181 1147 1276 1212 eirca.
1314 1147 1349 1211 id
1371 1156 1485 1212 autem
1501 1168 1569 1210 non
1587 1162 1603 1209 9

290 1304 294 1315 .
382 1262 466 1315 test
487 1251 681 1315 mirandum.
731 1271 807 1312 nam
830 1249 963 1314 crebrae
986 1259 1062 1313 sunt
1090 1248 1137 1313 ibi
1164 1247 1361 1335 lapidicinae
1389 1248 1567 1314 bituminis

416 1352 500 1418 duri.
546 1375 618 1416 cum
641 1372 717 1436 ergo
740 1373 799 1438 per
820 1350 1051 1417 bituminosam
1074 1360 1192 1414 terram
1208 1351 1259 1414 vis
1283 1352 1426 1437 erumpit
1448 1369 1566 1437 aquae,

416 1467 525 1520 secum
548 1453 701 1534 extrahit,
725 1462 756 1517 et
779 1475 852 1516 cum
881 1455 924 1517 sit
953 1475 1083 1538 egressa
1112 1463 1205 1517 extra
1233 1463 1353 1516 terram
1380 1452 1568 1516 secernitur

416 1566 448 1620 et
471 1559 516 1621 ita
537 1557 632 1620 reicit
653 1553 696 1617 ab
719 1576 753 1617 se
774 1554 931 1619 bitumen.
977 1556 1139 1640 etiamque
1162 1563 1211 1618 est
1238 1554 1272 1617 in
1295 1553 1510 1641 Cappadocia
1533 1554 1568 1616 in

415 1660 532 1723 itinere
548 1656 635 1745 quod
652 1665 700 1720 est
716 1657 801 1721 inter
815 1656 950 1721 Mazaca
966 1666 998 1720 et
1013 1656 1128 1743 Tyana
1144 1655 1232 1719 lacus
1248 1654 1390 1741 amplus,
1415 1657 1451 1719 in
1467 1675 1566 1741 quem

366 1759 521 1825 1⁰'lacum
544 1780 619 1845 pars
635 1758 706 1822 sive
729 1757 920 1822 harundinis
944 1758 1015 1822 sive
1030 1756 1087 1820 alii
1110 1758 1239 1843 generis
1256 1758 1284 1821 si
1299 1757 1442 1821 demissa
1465 1757 1567 1821 fuerit

416 1872 448 1926 et
470 1847 599 1950 postero
623 1860 676 1924 die
699 1869 865 1947 exempta,
896 1882 933 1924 ea
962 1882 1037 1948 pars
1060 1881 1143 1944 quae
1165 1858 1264 1923 fuerit
1287 1868 1440 1944 exempta
1469 1858 1565 1921 inve-

416 1965 524 2028 nietur
545 1961 690 2048 lapidea,
721 1983 803 2048 quae
825 1970 932 2026 autem
955 1984 1029 2047 pars
1053 1970 1146 2025 extra
1167 1983 1284 2047 aquam
1308 1960 1467 2024 manserit
1491 1981 1565 2046 per-

415 2074 525 2129 manet
559 2065 594 2126 in
626 2086 684 2128 sua
717 2064 925 2150 proprietate.
980 2061 1023 2125 ad
1056 2062 1193 2127 cundem
1225 2061 1357 2126 modum
1390 2059 1567 2147 Hierapoli
1585 2081 1616 2128 10

415 2166 581 2252 Phrygiae
603 2166 738 2229 effervet
758 2187 862 2250 aquae
877 2163 1003 2228 calidae
1024 2163 1216 2245 multitudo,
1240 2185 1336 2250 equa
1351 2164 1476 2227 circum
1492 2163 1566 2228 hor·

368 2279 399 2328 15
416 2277 467 2333 tos
491 2276 522 2331 et
544 2267 657 2331 vineas
686 2265 782 2330 fossis
811 2267 917 2331 ductis
946 2267 1132 2330 inmittitur.
1181 2265 1262 2329 haec
1287 2275 1396 2329 autem
1421 2264 1568 2328 efficitur

417 2377 492 2456 ‘post
513 2390 633 2432 annum
657 2377 764 2432 crusta
787 2366 926 2454 lapidea.
971 2369 1018 2433 ita
1040 2369 1212 2454 quotannis
1235 2368 1352 2432 dextra
1367 2390 1406 2431 ac
1429 2368 1569 2432 sinistra

416 2471 579 2555 margines
609 2490 651 2531 ex
678 2477 765 2532 terra
793 2468 945 2533 faciundo
979 2470 1139 2534 inducunt
1172 2491 1243 2532 eam
1271 2479 1303 2533 et
1336 2469 1487 2534 efficiunt
1515 2467 1568 2531 his

418 2571 536 2646 crustis
570 2571 605 2634 in
632 2571 721 2654 agris
749 2581 851 2658 septa.
907 2570 968 2636 hoc
995 2581 1105 2636 autem
1139 2572 1185 2635 ita
1212 2570 1344 2635 videtur
1369 2567 1570 2635 naturaliter

391 2672 504 2756 piari,
540 2671 627 2758 quod
654 2673 688 2735 in
716 2673 744 2736 is
773 2671 853 2736 loeis
881 2683 913 2738 et
948 2695 985 2736 ea
1014 2682 1100 2736 terra
1127 2672 1245 2760 quibus
1273 2673 1436 2756 nascitur,
1467 2693 1569 2744 sucus

365 2782 400 2835 aa
418 2773 529 2839 subest
557 2771 686 2858 coaguli
717 2782 853 2838 naturae
885 2773 1017 2856 similis,
1053 2773 1171 2838 deinde
1199 2796 1273 2838 cum
1306 2774 1487 2838 commixta
1516 2775 1569 2837 vis

417 2874 585 2963 egreditur
612 2897 669 2962 per
697 2875 802 2941 fontes
832 2886 925 2942 extra
957 2886 1094 2960 terram,
1127 2899 1147 2940 a
1174 2875 1252 2942 solis
1280 2884 1313 2941 et
1338 2876 1425 2940 aeris
1455 2874 1570 2940 calore

412 2980 545 3065 cogitur
568 2978 743 3063 congelari,
766 2988 803 3043 ut
825 2980 922 3043 etiam
946 2981 979 3043 in
1001 2980 1086 3043 areis
1110 2978 1287 3043 salinarum
1302 2978 1445 3043 videtur.
1484 2979 1569 3043 item
1590 2998 1618 3045 11

348 3122 351 3125 >
400 3090 492 3147 sunt
515 3102 557 3144 ex
578 3101 688 3144 amaro
704 3101 780 3145 suco
803 3090 908 3145 terrae
931 3081 1037 3147 fontes
1054 3091 1208 3146 exeuntes
1224 3082 1435 3145 vehementer
1448 3081 1568 3163 amari,

415 3184 510 3248 utin
532 3183 636 3246 Ponto
660 3191 709 3247 est
735 3181 855 3246 flumen
883 3181 1047 3270 Hypanis.
1091 3184 1119 3247 is
1142 3206 1161 3246 a
1183 3184 1291 3270 capite
1311 3183 1445 3271 profluit
1469 3183 1568 3246 circi-

367 3294 401 3346 2⁶
417 3295 468 3350 ter
482 3282 573 3348 milia
588 3301 635 3346 xn
650 3306 765 3370 sapore
781 3283 969 3350 dulcissimo
977 3333 986 3368 ,
1011 3284 1129 3349 deinde
1144 3308 1217 3351 cum
1233 3286 1382 3373 pervenit
1396 3283 1440 3347 ad
1455 3283 1569 3349 locum

487 3477 498 3523 l
519 3475 653 3523 structum
674 3470 736 3536 (—1'1
754 3474 812 3537 EG)
833 3490 936 3525 murum
957 3474 1018 3538 (-1'1
1040 3474 1086 3540 G):
1104 3478 1142 3525 aie
1159 3475 1246 3528 ΕΘΗ.
1270 3473 1284 3542 ll
1305 3475 1467 3526 samaramia
1486 3474 1572 3526 ΕΘΗ

419 3556 488 3621 (hle,
508 3557 670 3606 saemiramis
688 3554 730 3622 lc).
758 3552 770 3624 ll
796 3560 811 3607 2
833 3560 971 3625 Babyloni
992 3560 1238 3626 Mater-Strictim:
1265 3559 1402 3625 babyloni
1426 3559 1460 3617 Θ.
1485 3559 1568 3610 babi-

417 3640 480 3694 lone
496 3640 533 3700 H,
552 3656 647 3691 -nem
666 3641 699 3694 Ε,
721 3636 734 3707 ll
757 3643 823 3707 Iope
841 3643 936 3709 (Ioppe
955 3644 1039 3707 Joc.):
1063 3649 1126 3709 tope
1150 3643 1235 3695 ΕΘΗ.
1264 3640 1277 3711 ΙΙ
1301 3644 1453 3694 Nomadum
1479 3644 1567 3694 liade:

418 3726 590 3798 numidarum
610 3725 696 3779 ΕΘΗ.
718 3721 730 3792 [l
758 3726 903 3778 3mittont
928 3730 949 3779 Θ
974 3730 1034 3793 (non
1052 3728 1097 3794 Ε).
1121 3725 1135 3796 ll
1156 3731 1171 3779 5
1195 3728 1344 3794 lapicidina
1365 3732 1397 3781 lc.
1419 3724 1431 3792 ΙΙ
1458 3730 1476 3779 8
1496 3728 1566 3777 abae

418 3809 497 3866 ΕΘΗ
515 3808 558 3872 (L,
577 3809 644 3860 adse
662 3814 693 3869 le,
712 3826 729 3861 a
747 3826 777 3861 se
795 3812 846 3865 ccl.
869 3807 881 3878 ΙΙ
904 3799 1076 3879 cappadocia
1094 3815 1123 3863 H
1140 3811 1189 3876 (cli,
1208 3814 1362 3878 capadocia
1378 3817 1395 3873 1,
1415 3811 1564 3877 campodo-

418 3895 464 3947 cit
486 3896 535 3960 L),
567 3893 717 3960 copodocia
740 3895 797 3945 EG.
827 3899 839 3962 ΙΙ
866 3898 1016 3947 9mazaca
1043 3902 1070 3947 et
1091 3902 1179 3947 tuana
1206 3897 1246 3962 (et
1269 3913 1344 3948 uana
1361 3904 1421 3947 cate
1439 3912 1511 3950 corr.
1531 3896 1564 3958 Θ)

418 3977 505 4037 ΕΘΗ,
527 3974 539 4045 ll
563 3980 591 4028 in
610 3994 690 4043 quem
707 3979 800 4031 lacum
817 3979 873 4030 ΕΗ
895 3981 978 4047 (Llc),
1001 3982 1085 4045 inqua
1106 3982 1170 4032 lacu
1188 3990 1248 4032 ante
1269 3998 1338 4033 carr.
1358 3982 1380 4031 Θ
1403 3978 1462 4045 (sed
1481 3982 1518 4032 Θο
1534 3980 1564 4029 ἰιι

418 4075 472 4130 quo
491 4062 575 4128 lacu).
592 4059 605 4130 [Ι
624 4067 655 4115 10
673 4065 793 4117 demissa
808 4066 854 4116 6⁶:
874 4066 987 4121 dimissa
1001 4066 1086 4117 ΕΘΗ.
1104 4062 1116 4133 ll
1132 4070 1162 4115 11
1182 4070 1294 4133 postera
1313 4066 1357 4115 die
1370 4066 1396 4114 Ε
1414 4065 1475 4128 (non
1490 4066 1533 4128 Θ).
1548 4066 1561 4128 ll

420 4149 454 4202 12
472 4151 564 4198 autem
578 4150 639 4207 ΕΗ,
660 4164 672 4199 a
695 4150 724 4199 G.
748 4145 760 4215 ll
785 4151 817 4199 14
835 4167 849 4199 e
869 4167 922 4215 qua
941 4148 986 4214 (ex
1006 4166 1059 4215 qua
1077 4150 1142 4212 ed.):
1163 4152 1278 4216 equibus
1296 4150 1382 4204 ΕΘΗ.
1406 4147 1419 4216 ΙΙ
1443 4150 1564 4215 1618ρί-

417 4228 470 4286 dea
489 4232 543 4281 ita:
568 4234 606 4283 aie
627 4232 714 4284 ΕΘΗ.
742 4229 754 4299 Η
783 4235 813 4282 17
837 4234 968 4285 faciundo
987 4234 1074 4285 ΕΘΗ.
1099 4231 1112 4301 ΙΙ
1134 4234 1177 4284 his
1194 4236 1266 4286 Jor.:
1289 4236 1317 4284 in
1340 4235 1382 4284 hia
1405 4234 1461 4283 ΕΗ
1480 4234 1564 4299 (aa),

412 4330 464 4370 am.
482 4323 541 4367 ante
560 4332 628 4370 corr.
648 4316 671 4381 li
688 4317 754 4381 hus)
775 4318 804 4371 Θ.
826 4314 839 4385 ΙΙ
862 4322 893 4370 19
916 4320 980 4384 quia
1010 4319 1032 4368 Ε
1059 4317 1119 4383 (pro
1142 4318 1226 4383 quod,
1249 4325 1276 4369 at
1298 4318 1383 4382 rotet).
1415 4314 1427 4384 ΙΙ
1455 4319 1493 4372 is:
1518 4319 1564 4369 hin

417 4399 505 4453 ΕΘΗ.
530 4396 541 4468 Ι]
565 4402 664 4467 quibus
682 4403 806 4454 nascitur
823 4419 883 4469 epo:
903 4404 1002 4469 quibus
1019 4403 1044 4453 ia
1063 4403 1187 4454 nascitur
1205 4402 1291 4456 ΕΘΗ.
1307 4399 1319 4470 ΙΙ
1338 4406 1371 4454 20
1384 4405 1502 4454 commix
1520 4407 1566 4455 uis

417 4481 442 4536 Ε
460 4485 522 4549 (aaa
541 4485 582 4551 Θ).
599 4482 610 4553 Η
627 4489 657 4536 21
675 4487 771 4538 calore
789 4487 839 4538 ΕΘ
856 4486 969 4553 (Lle⁶lr):
990 4486 1066 4538 calor
1082 4489 1112 4539 H
1130 4487 1175 4552 (e).
1192 4485 1204 4556 ΙΙ
1220 4491 1253 4539 22
1272 4488 1421 4539 salinarum
1433 4490 1465 4540 H
1475 4488 1563 4555 (Ηώς

416 4567 559 4622 salinariis
577 4570 633 4622 ΕΘ.
659 4568 671 4637 ΙΙ
694 4574 728 4623 23
746 4587 839 4623 amuro
860 4572 897 4637 (ut
919 4574 1030 4636 videtur)
1053 4581 1112 4623 ante
1135 4590 1203 4627 corr.
1223 4574 1259 4623 Η.
1287 4570 1299 4641 ss
1325 4575 1358 4624 24
1380 4575 1565 4641 Hypania.is

413 4650 475 4719 (qui
498 4656 567 4719 Joc.)
593 4657 721 4722 acapite
745 4672 805 4722 eqo:
834 4658 945 4723 hipania
968 4658 1092 4724 (inpania
1110 4658 1135 4708 Ε
1153 4667 1179 4709 et
1200 4666 1259 4709 ante
1281 4674 1349 4710 corr.
1369 4660 1401 4723 Θ)
1425 4675 1442 4709 a
1467 4661 1565 4726 capite

417 4729 503 4790 ΕΘΗ.
519 4735 530 4804 ΙΙ
548 4742 581 4791 25
593 4742 642 4791 XL
657 4741 783 4791 ...CLX
801 4739 912 4806 (ΗΧ
930 4743 987 4809 H):
1005 4747 1043 4794 sic
1060 4743 1148 4795 ΕΘΗ.
