<?xml version="1.0" encoding="UTF-8"?>
<!DOCTYPE html PUBLIC "-//W3C//DTD XHTML 1.0 Transitional//EN"
    "http://www.w3.org/TR/xhtml1/DTD/xhtml1-transitional.dtd">
<html xmlns="http://www.w3.org/1999/xhtml" xml:lang="en" lang="en">
 <head>
  <title>
</title>
<meta http-equiv="Content-Type" content="text/html;charset=utf-8" />
  <meta name='ocr-system' content='tesseract 3.04.00' />
  <meta name='ocr-capabilities' content='ocr_page ocr_carea ocr_par ocr_line ocrx_word'/>
</head>
<body>
  <div class='ocr_page' id='page_1' title='image "./vitruviidearchi00strgoog_0294.png"; bbox 0 0 3984 5825; ppageno 0'>
   <div class='ocr_carea' id='block_1_1' title="bbox 757 644 1572 708">
    <p class='ocr_par' dir='ltr' id='par_1_1' title="bbox 757 644 1572 708">
     <span class='ocr_line' id='line_1_1' title="bbox 757 644 1572 708; baseline 0.005 -6"><span class='ocrx_word' id='word_1_1' title='bbox 757 655 804 702; x_wconf 84' lang='lat' dir='ltr'>on</span> <span class='ocrx_word' id='word_1_2' title='bbox 827 657 1091 704; x_wconf 71' lang='lat' dir='ltr'>arscnrrrcruan</span> <span class='ocrx_word' id='word_1_3' title='bbox 1117 656 1185 703; x_wconf 78' lang='lat' dir='ltr'>aru.</span> <span class='ocrx_word' id='word_1_4' title='bbox 1209 663 1242 704; x_wconf 86' lang='lat' dir='ltr'>x.</span> <span class='ocrx_word' id='word_1_5' title='bbox 1508 644 1572 708; x_wconf 77' lang='lat'>273</span> 
     </span>
    </p>
   </div>
   <div class='ocr_carea' id='block_1_2' title="bbox 380 809 1626 2926">
    <p class='ocr_par' dir='ltr' id='par_1_2' title="bbox 380 809 1626 2926">
     <span class='ocr_line' id='line_1_2' title="bbox 418 809 1570 897; baseline 0.003 -25"><span class='ocrx_word' id='word_1_6' title='bbox 418 819 546 893; x_wconf 85' lang='lat' dir='ltr'>menta,</span> <span class='ocrx_word' id='word_1_7' title='bbox 571 819 778 895; x_wconf 90' lang='lat' dir='ltr'>sumpserunt</span> <span class='ocrx_word' id='word_1_8' title='bbox 800 811 927 894; x_wconf 91' lang='lat' dir='ltr'>tignum</span> <span class='ocrx_word' id='word_1_9' title='bbox 950 809 1048 896; x_wconf 89' lang='lat' dir='ltr'>idque</span> <span class='ocrx_word' id='word_1_10' title='bbox 1071 809 1221 873; x_wconf 87' lang='lat' dir='ltr'>manibus</span> <span class='ocrx_word' id='word_1_11' title='bbox 1233 810 1434 875; x_wconf 88' lang='lat' dir='ltr'>&#39;sustinentes</span> <span class='ocrx_word' id='word_1_12' title='bbox 1451 812 1570 897; x_wconf 88' lang='lat' dir='ltr'>capite-</span> 
     </span>
     <span class='ocr_line' id='line_1_3' title="bbox 420 911 1571 998; baseline 0.001 -24"><span class='ocrx_word' id='word_1_13' title='bbox 420 934 490 998; x_wconf 90' lang='lat' dir='ltr'>que</span> <span class='ocrx_word' id='word_1_14' title='bbox 518 912 588 975; x_wconf 89' lang='lat' dir='ltr'>eius</span> <span class='ocrx_word' id='word_1_15' title='bbox 616 934 776 975; x_wconf 89' lang='lat' dir='ltr'>summum</span> <span class='ocrx_word' id='word_1_16' title='bbox 800 933 927 973; x_wconf 88' lang='lat' dir='ltr'>murum</span> <span class='ocrx_word' id='word_1_17' title='bbox 950 912 1154 975; x_wconf 80' lang='lat' dir='ltr'>continenter</span> <span class='ocrx_word' id='word_1_18' title='bbox 1176 911 1340 997; x_wconf 78' lang='lat' dir='ltr'>pulsantes</span> <span class='ocrx_word' id='word_1_19' title='bbox 1363 935 1503 977; x_wconf 89' lang='lat' dir='ltr'>summos</span> <span class='ocrx_word' id='word_1_20' title='bbox 1526 912 1571 975; x_wconf 88' lang='lat' dir='ltr'>la·</span> 
     </span>
     <span class='ocr_line' id='line_1_4' title="bbox 419 1010 1572 1100; baseline 0.001 -25"><span class='ocrx_word' id='word_1_21' title='bbox 419 1014 541 1100; x_wconf 85' lang='lat' dir='ltr'>pidum</span> <span class='ocrx_word' id='word_1_22' title='bbox 571 1010 702 1076; x_wconf 84' lang='lat' dir='ltr'>ordines</span> <span class='ocrx_word' id='word_1_23' title='bbox 732 1011 933 1093; x_wconf 73' lang='lat' dir='ltr'>deiciebam,</span> <span class='ocrx_word' id='word_1_24' title='bbox 964 1022 996 1076; x_wconf 89' lang='lat' dir='ltr'>et</span> <span class='ocrx_word' id='word_1_25' title='bbox 1019 1013 1064 1076; x_wconf 87' lang='lat' dir='ltr'>ita</span> <span class='ocrx_word' id='word_1_26' title='bbox 1085 1013 1248 1097; x_wconf 81' lang='lat' dir='ltr'>gradatim</span> <span class='ocrx_word' id='word_1_27' title='bbox 1271 1035 1313 1077; x_wconf 85' lang='lat' dir='ltr'>ex</span> <span class='ocrx_word' id='word_1_28' title='bbox 1335 1013 1448 1079; x_wconf 87' lang='lat' dir='ltr'>ordine</span> <span class='ocrx_word' id='word_1_29' title='bbox 1470 1023 1572 1078; x_wconf 87' lang='lat' dir='ltr'>totam</span> 
     </span>
     <span class='ocr_line' id='line_1_5' title="bbox 380 1113 1571 1201; baseline 0.001 -24"><span class='ocrx_word' id='word_1_30' title='bbox 380 1130 397 1177; x_wconf 81' lang='lat'><strong>2</strong></span> <span class='ocrx_word' id='word_1_31' title='bbox 419 1114 711 1178; x_wconf 82' lang='lat' dir='ltr'>communitionem</span> <span class='ocrx_word' id='word_1_32' title='bbox 734 1113 989 1201; x_wconf 89' lang='lat' dir='ltr'>dissipaverunt.</span> <span class='ocrx_word' id='word_1_33' title='bbox 1032 1124 1145 1201; x_wconf 88' lang='lat' dir='ltr'>postea</span> <span class='ocrx_word' id='word_1_34' title='bbox 1167 1113 1301 1201; x_wconf 91' lang='lat' dir='ltr'>quidam</span> <span class='ocrx_word' id='word_1_35' title='bbox 1322 1113 1416 1179; x_wconf 85' lang='lat' dir='ltr'>faber</span> <span class='ocrx_word' id='word_1_36' title='bbox 1438 1115 1571 1200; x_wconf 84' lang='lat' dir='ltr'>Tyrius,</span> 
     </span>
     <span class='ocr_line' id='line_1_6' title="bbox 422 1214 1607 1302; baseline -0.002 -21"><span class='ocrx_word' id='word_1_37' title='bbox 422 1217 558 1281; x_wconf 89' lang='lat' dir='ltr'>nomine</span> <span class='ocrx_word' id='word_1_38' title='bbox 591 1214 850 1302; x_wconf 81' lang='lat' dir='ltr'>Pephrasmenos</span> <span class='ocrx_word' id='word_1_39' title='bbox 882 1236 921 1278; x_wconf 92' lang='lat' dir='ltr'>ac</span> <span class='ocrx_word' id='word_1_40' title='bbox 955 1215 1096 1298; x_wconf 86' lang='lat' dir='ltr'>ratione,</span> <span class='ocrx_word' id='word_1_41' title='bbox 1131 1238 1168 1278; x_wconf 88' lang='lat' dir='ltr'>ea</span> <span class='ocrx_word' id='word_1_42' title='bbox 1200 1216 1389 1280; x_wconf 85' lang='lat' dir='ltr'>inventione</span> <span class='ocrx_word' id='word_1_43' title='bbox 1419 1215 1607 1281; x_wconf 80' lang='lat' dir='ltr'>induetuss</span> 
     </span>
     <span class='ocr_line' id='line_1_7' title="bbox 422 1315 1572 1404; baseline 0.001 -24"><span class='ocrx_word' id='word_1_44' title='bbox 422 1316 512 1382; x_wconf 90' lang='lat' dir='ltr'>malo</span> <span class='ocrx_word' id='word_1_45' title='bbox 535 1325 656 1382; x_wconf 89' lang='lat' dir='ltr'>statuto</span> <span class='ocrx_word' id='word_1_46' title='bbox 672 1339 715 1380; x_wconf 85' lang='lat' dir='ltr'>ex</span> <span class='ocrx_word' id='word_1_47' title='bbox 729 1339 767 1380; x_wconf 94' lang='lat' dir='ltr'>eo</span> <span class='ocrx_word' id='word_1_48' title='bbox 782 1315 922 1379; x_wconf 89' lang='lat' dir='ltr'>alterum</span> <span class='ocrx_word' id='word_1_49' title='bbox 943 1325 1166 1399; x_wconf 86' lang='lat' dir='ltr'>transversum</span> <span class='ocrx_word' id='word_1_50' title='bbox 1188 1317 1237 1380; x_wconf 90' lang='lat' dir='ltr'>uti</span> <span class='ocrx_word' id='word_1_51' title='bbox 1260 1318 1416 1380; x_wconf 87' lang='lat' dir='ltr'>trutinam</span> <span class='ocrx_word' id='word_1_52' title='bbox 1438 1340 1572 1404; x_wconf 86' lang='lat' dir='ltr'>suspen-</span> 
     </span>
     <span class='ocr_line' id='line_1_8' title="bbox 429 1417 1574 1505; baseline 0.001 -22"><span class='ocrx_word' id='word_1_53' title='bbox 429 1420 481 1484; x_wconf 85' lang='lat' dir='ltr'>dit</span> <span class='ocrx_word' id='word_1_54' title='bbox 504 1421 603 1484; x_wconf 89' lang='lat' dir='ltr'>etita</span> <span class='ocrx_word' id='word_1_55' title='bbox 624 1417 810 1482; x_wconf 89' lang='lat' dir='ltr'>reducendo</span> <span class='ocrx_word' id='word_1_56' title='bbox 833 1428 865 1482; x_wconf 90' lang='lat' dir='ltr'>et</span> <span class='ocrx_word' id='word_1_57' title='bbox 886 1417 1073 1505; x_wconf 88' lang='lat' dir='ltr'>inpellendo</span> <span class='ocrx_word' id='word_1_58' title='bbox 1096 1418 1301 1487; x_wconf 88' lang='lat' dir='ltr'>vementibus</span> <span class='ocrx_word' id='word_1_59' title='bbox 1323 1417 1431 1505; x_wconf 83' lang='lat' dir='ltr'>plagis</span> <span class='ocrx_word' id='word_1_60' title='bbox 1454 1418 1574 1484; x_wconf 91' lang='lat' dir='ltr'>deiecit</span> 
     </span>
     <span class='ocr_line' id='line_1_9' title="bbox 427 1519 1575 1586; baseline -0.001 -1"><span class='ocrx_word' id='word_1_61' title='bbox 427 1520 670 1586; x_wconf 82' lang='lat' dir='ltr'>Gaditanorum</span> <span class='ocrx_word' id='word_1_62' title='bbox 691 1542 830 1583; x_wconf 88' lang='lat' dir='ltr'>murum.</span> <span class='ocrx_word' id='word_1_63' title='bbox 864 1519 964 1585; x_wconf 79' lang='lat' dir='ltr'>Ceras</span> <span class='ocrx_word' id='word_1_64' title='bbox 986 1530 1095 1584; x_wconf 89' lang='lat' dir='ltr'>autem</span> <span class='ocrx_word' id='word_1_65' title='bbox 1112 1519 1352 1585; x_wconf 81' lang='lat' dir='ltr'>Chalcedonius</span> <span class='ocrx_word' id='word_1_66' title='bbox 1374 1519 1416 1583; x_wconf 91' lang='lat' dir='ltr'>de</span> <span class='ocrx_word' id='word_1_67' title='bbox 1439 1523 1575 1585; x_wconf 89' lang='lat' dir='ltr'>materia</span> 
     </span>
     <span class='ocr_line' id='line_1_10' title="bbox 427 1606 1573 1709; baseline 0.002 -25"><span class='ocrx_word' id='word_1_68' title='bbox 427 1625 570 1709; x_wconf 89' lang='lat' dir='ltr'>primum</span> <span class='ocrx_word' id='word_1_69' title='bbox 598 1621 704 1686; x_wconf 89' lang='lat' dir='ltr'>basim</span> <span class='ocrx_word' id='word_1_70' title='bbox 732 1620 889 1685; x_wconf 82' lang='lat' dir='ltr'>subiectis</span> <span class='ocrx_word' id='word_1_71' title='bbox 912 1623 992 1686; x_wconf 90' lang='lat' dir='ltr'>rotis</span> <span class='ocrx_word' id='word_1_72' title='bbox 1011 1616 1094 1685; x_wconf 54' lang='lat' dir='ltr'>&#39;fecit</span> <span class='ocrx_word' id='word_1_73' title='bbox 1117 1606 1278 1708; x_wconf 82' lang='lat' dir='ltr'>supraque</span> <span class='ocrx_word' id='word_1_74' title='bbox 1302 1624 1465 1709; x_wconf 83' lang='lat' dir='ltr'>compegit</span> <span class='ocrx_word' id='word_1_75' title='bbox 1487 1645 1573 1686; x_wconf 89' lang='lat' dir='ltr'>arre-</span> 
     </span>
     <span class='ocr_line' id='line_1_11' title="bbox 427 1721 1625 1812; baseline 0 -24"><span class='ocrx_word' id='word_1_76' title='bbox 427 1726 541 1789; x_wconf 87' lang='lat' dir='ltr'>ctariis</span> <span class='ocrx_word' id='word_1_77' title='bbox 565 1733 597 1788; x_wconf 92' lang='lat' dir='ltr'>et</span> <span class='ocrx_word' id='word_1_78' title='bbox 625 1724 711 1808; x_wconf 91' lang='lat' dir='ltr'>iugis</span> <span class='ocrx_word' id='word_1_79' title='bbox 740 1744 836 1787; x_wconf 88' lang='lat' dir='ltr'>varas</span> <span class='ocrx_word' id='word_1_80' title='bbox 859 1732 892 1787; x_wconf 88' lang='lat' dir='ltr'>et</span> <span class='ocrx_word' id='word_1_81' title='bbox 913 1724 948 1786; x_wconf 91' lang='lat' dir='ltr'>in</span> <span class='ocrx_word' id='word_1_82' title='bbox 970 1721 1021 1787; x_wconf 88' lang='lat' dir='ltr'>his</span> <span class='ocrx_word' id='word_1_83' title='bbox 1051 1724 1221 1810; x_wconf 87' lang='lat' dir='ltr'>suspendit</span> <span class='ocrx_word' id='word_1_84' title='bbox 1248 1725 1383 1787; x_wconf 90' lang='lat' dir='ltr'>arietem</span> <span class='ocrx_word' id='word_1_85' title='bbox 1411 1725 1574 1812; x_wconf 88' lang='lat' dir='ltr'>coriisque</span> <span class='ocrx_word' id='word_1_86' title='bbox 1595 1741 1625 1788; x_wconf 86' lang='lat'>10</span> 
     </span>
     <span class='ocr_line' id='line_1_12' title="bbox 431 1824 1574 1910; baseline -0.001 -21"><span class='ocrx_word' id='word_1_87' title='bbox 431 1824 565 1890; x_wconf 88' lang='lat' dir='ltr'>bubulis</span> <span class='ocrx_word' id='word_1_88' title='bbox 588 1826 688 1907; x_wconf 88' lang='lat' dir='ltr'>texit,</span> <span class='ocrx_word' id='word_1_89' title='bbox 711 1825 761 1906; x_wconf 86' lang='lat' dir='ltr'>uti</span> <span class='ocrx_word' id='word_1_90' title='bbox 782 1827 918 1889; x_wconf 89' lang='lat' dir='ltr'>tutiores</span> <span class='ocrx_word' id='word_1_91' title='bbox 942 1834 1052 1888; x_wconf 87' lang='lat' dir='ltr'>essent</span> <span class='ocrx_word' id='word_1_92' title='bbox 1075 1826 1130 1910; x_wconf 89' lang='lat' dir='ltr'>qui</span> <span class='ocrx_word' id='word_1_93' title='bbox 1153 1826 1187 1888; x_wconf 92' lang='lat' dir='ltr'>in</span> <span class='ocrx_word' id='word_1_94' title='bbox 1210 1847 1248 1888; x_wconf 90' lang='lat' dir='ltr'>ea</span> <span class='ocrx_word' id='word_1_95' title='bbox 1269 1826 1509 1905; x_wconf 89' lang='lat' dir='ltr'>machinatione</span> <span class='ocrx_word' id='word_1_96' title='bbox 1531 1824 1574 1888; x_wconf 91' lang='lat' dir='ltr'>ad</span> 
     </span>
     <span class='ocr_line' id='line_1_13' title="bbox 429 1924 1574 2014; baseline 0.001 -24"><span class='ocrx_word' id='word_1_97' title='bbox 429 1926 629 2014; x_wconf 88' lang='lat' dir='ltr'>pulsandum</span> <span class='ocrx_word' id='word_1_98' title='bbox 646 1934 775 1991; x_wconf 83' lang='lat' dir='ltr'>muru&#39;m</span> <span class='ocrx_word' id='word_1_99' title='bbox 798 1935 908 1990; x_wconf 86' lang='lat' dir='ltr'>essent</span> <span class='ocrx_word' id='word_1_100' title='bbox 930 1924 1100 1990; x_wconf 90' lang='lat' dir='ltr'>conlocati.</span> <span class='ocrx_word' id='word_1_101' title='bbox 1133 1925 1207 1991; x_wconf 93' lang='lat' dir='ltr'>ideo</span> <span class='ocrx_word' id='word_1_102' title='bbox 1229 1935 1337 1990; x_wconf 88' lang='lat' dir='ltr'>autem</span> <span class='ocrx_word' id='word_1_103' title='bbox 1354 1927 1441 2013; x_wconf 91' lang='lat' dir='ltr'>quod</span> <span class='ocrx_word' id='word_1_104' title='bbox 1462 1927 1574 1991; x_wconf 88' lang='lat' dir='ltr'>tardos</span> 
     </span>
     <span class='ocr_line' id='line_1_14' title="bbox 430 2025 1574 2116; baseline 0.001 -25"><span class='ocrx_word' id='word_1_105' title='bbox 430 2038 565 2093; x_wconf 88' lang='lat' dir='ltr'>conatus</span> <span class='ocrx_word' id='word_1_106' title='bbox 597 2026 771 2110; x_wconf 82' lang='lat' dir='ltr'>habuerat,</span> <span class='ocrx_word' id='word_1_107' title='bbox 809 2025 1007 2092; x_wconf 86' lang='lat' dir='ltr'>testudinem</span> <span class='ocrx_word' id='word_1_108' title='bbox 1040 2028 1225 2091; x_wconf 88' lang='lat' dir='ltr'>arietariam</span> <span class='ocrx_word' id='word_1_109' title='bbox 1258 2026 1422 2113; x_wconf 87' lang='lat' dir='ltr'>appellare</span> <span class='ocrx_word' id='word_1_110' title='bbox 1456 2031 1574 2116; x_wconf 89' lang='lat' dir='ltr'>coepit.</span> 
     </span>
     <span class='ocr_line' id='line_1_15' title="bbox 394 2127 1573 2215; baseline 0 -21"><span class='ocrx_word' id='word_1_111' title='bbox 394 2148 411 2194; x_wconf 83' lang='lat'>3</span> <span class='ocrx_word' id='word_1_112' title='bbox 431 2131 482 2194; x_wconf 93' lang='lat' dir='ltr'>his</span> <span class='ocrx_word' id='word_1_113' title='bbox 505 2140 583 2194; x_wconf 88' lang='lat' dir='ltr'>tunc</span> <span class='ocrx_word' id='word_1_114' title='bbox 604 2130 719 2215; x_wconf 90' lang='lat' dir='ltr'>primis</span> <span class='ocrx_word' id='word_1_115' title='bbox 746 2129 903 2214; x_wconf 86' lang='lat' dir='ltr'>gradibus</span> <span class='ocrx_word' id='word_1_116' title='bbox 926 2129 1043 2215; x_wconf 91' lang='lat' dir='ltr'>positis</span> <span class='ocrx_word' id='word_1_117' title='bbox 1066 2128 1108 2191; x_wconf 93' lang='lat' dir='ltr'>ad</span> <span class='ocrx_word' id='word_1_118' title='bbox 1130 2127 1165 2191; x_wconf 95' lang='lat' dir='ltr'>id</span> <span class='ocrx_word' id='word_1_119' title='bbox 1187 2151 1290 2214; x_wconf 87' lang='lat' dir='ltr'>genus</span> <span class='ocrx_word' id='word_1_120' title='bbox 1313 2129 1573 2213; x_wconf 86' lang='lat' dir='ltr'>machinationis,</span> 
     </span>
     <span class='ocr_line' id='line_1_16' title="bbox 429 2228 1625 2319; baseline 0 -24"><span class='ocrx_word' id='word_1_121' title='bbox 429 2242 544 2319; x_wconf 90' lang='lat' dir='ltr'>postea</span> <span class='ocrx_word' id='word_1_122' title='bbox 566 2252 640 2295; x_wconf 89' lang='lat' dir='ltr'>cum</span> <span class='ocrx_word' id='word_1_123' title='bbox 655 2229 826 2316; x_wconf 88' lang='lat' dir='ltr'>Philippus</span> <span class='ocrx_word' id='word_1_124' title='bbox 847 2232 1013 2315; x_wconf 87' lang='lat' dir='ltr'>Amyntae</span> <span class='ocrx_word' id='word_1_125' title='bbox 1032 2228 1118 2293; x_wconf 84' lang='lat' dir='ltr'>filius</span> <span class='ocrx_word' id='word_1_126' title='bbox 1140 2230 1339 2317; x_wconf 85' lang='lat' dir='ltr'>Byzantium</span> <span class='ocrx_word' id='word_1_127' title='bbox 1359 2241 1573 2317; x_wconf 88' lang='lat' dir='ltr'>oppugnaret,</span> <span class='ocrx_word' id='word_1_128' title='bbox 1594 2249 1625 2296; x_wconf 81' lang='lat'>15</span> 
     </span>
     <span class='ocr_line' id='line_1_17' title="bbox 430 2330 1573 2420; baseline -0.001 -24"><span class='ocrx_word' id='word_1_129' title='bbox 430 2332 588 2419; x_wconf 89' lang='lat' dir='ltr'>Polyidos</span> <span class='ocrx_word' id='word_1_130' title='bbox 611 2330 779 2396; x_wconf 84' lang='lat' dir='ltr'>Thettalos</span> <span class='ocrx_word' id='word_1_131' title='bbox 807 2330 956 2418; x_wconf 89' lang='lat' dir='ltr'>pluribus</span> <span class='ocrx_word' id='word_1_132' title='bbox 983 2331 1159 2416; x_wconf 87' lang='lat' dir='ltr'>generibus</span> <span class='ocrx_word' id='word_1_133' title='bbox 1189 2341 1221 2395; x_wconf 89' lang='lat' dir='ltr'>et</span> <span class='ocrx_word' id='word_1_134' title='bbox 1243 2330 1446 2396; x_wconf 88' lang='lat' dir='ltr'>facilioribus</span> <span class='ocrx_word' id='word_1_135' title='bbox 1470 2330 1573 2420; x_wconf 84' lang='lat' dir='ltr'>expli-</span> 
     </span>
     <span class='ocr_line' id='line_1_18' title="bbox 431 2431 1575 2520; baseline 0 -23"><span class='ocrx_word' id='word_1_136' title='bbox 431 2436 530 2497; x_wconf 88' lang='lat' dir='ltr'>cavit.</span> <span class='ocrx_word' id='word_1_137' title='bbox 573 2454 679 2519; x_wconf 89' lang='lat' dir='ltr'>aquo</span> <span class='ocrx_word' id='word_1_138' title='bbox 704 2442 896 2518; x_wconf 90' lang='lat' dir='ltr'>receperunt</span> <span class='ocrx_word' id='word_1_139' title='bbox 923 2434 1105 2498; x_wconf 89' lang='lat' dir='ltr'>doctrinam</span> <span class='ocrx_word' id='word_1_140' title='bbox 1135 2431 1259 2496; x_wconf 90' lang='lat' dir='ltr'>Diades</span> <span class='ocrx_word' id='word_1_141' title='bbox 1288 2441 1321 2496; x_wconf 89' lang='lat' dir='ltr'>et</span> <span class='ocrx_word' id='word_1_142' title='bbox 1349 2431 1485 2498; x_wconf 80' lang='lat' dir='ltr'>Charias</span> <span class='ocrx_word' id='word_1_143' title='bbox 1519 2434 1575 2520; x_wconf 90' lang='lat' dir='ltr'>qui</span> 
     </span>
     <span class='ocr_line' id='line_1_19' title="bbox 431 2532 973 2599; baseline 0.002 -1"><span class='ocrx_word' id='word_1_144' title='bbox 431 2555 505 2598; x_wconf 88' lang='lat' dir='ltr'>cum</span> <span class='ocrx_word' id='word_1_145' title='bbox 526 2533 717 2598; x_wconf 88' lang='lat' dir='ltr'>Alexandro</span> <span class='ocrx_word' id='word_1_146' title='bbox 739 2532 973 2599; x_wconf 89' lang='lat' dir='ltr'>militaverunt.</span> 
     </span>
     <span class='ocr_line' id='line_1_20' title="bbox 516 2635 1574 2722; baseline 0.003 -23"><span class='ocrx_word' id='word_1_147' title='bbox 516 2635 632 2722; x_wconf 91' lang='lat' dir='ltr'>Itaque</span> <span class='ocrx_word' id='word_1_148' title='bbox 653 2636 778 2699; x_wconf 89' lang='lat' dir='ltr'>Diades</span> <span class='ocrx_word' id='word_1_149' title='bbox 806 2637 936 2722; x_wconf 88' lang='lat' dir='ltr'>scriptis</span> <span class='ocrx_word' id='word_1_150' title='bbox 965 2638 1032 2701; x_wconf 89' lang='lat' dir='ltr'>suis</span> <span class='ocrx_word' id='word_1_151' title='bbox 1059 2635 1202 2700; x_wconf 88' lang='lat' dir='ltr'>ostendit</span> <span class='ocrx_word' id='word_1_152' title='bbox 1224 2657 1259 2699; x_wconf 88' lang='lat' dir='ltr'>sc</span> <span class='ocrx_word' id='word_1_153' title='bbox 1281 2637 1448 2700; x_wconf 87' lang='lat' dir='ltr'>invenisse</span> <span class='ocrx_word' id='word_1_154' title='bbox 1470 2646 1574 2702; x_wconf 88' lang='lat' dir='ltr'>turres</span> 
     </span>
     <span class='ocr_line' id='line_1_21' title="bbox 430 2736 1626 2823; baseline 0.001 -22"><span class='ocrx_word' id='word_1_155' title='bbox 430 2736 678 2818; x_wconf 87' lang='lat' dir='ltr'>ambulatorias,</span> <span class='ocrx_word' id='word_1_156' title='bbox 707 2759 786 2823; x_wconf 89' lang='lat' dir='ltr'>quas</span> <span class='ocrx_word' id='word_1_157' title='bbox 815 2738 912 2801; x_wconf 92' lang='lat' dir='ltr'>etiam</span> <span class='ocrx_word' id='word_1_158' title='bbox 940 2736 1115 2801; x_wconf 85' lang='lat' dir='ltr'>dissolutas</span> <span class='ocrx_word' id='word_1_159' title='bbox 1137 2738 1173 2800; x_wconf 92' lang='lat' dir='ltr'>in</span> <span class='ocrx_word' id='word_1_160' title='bbox 1196 2738 1343 2800; x_wconf 85' lang='lat' dir='ltr'>exercitu</span> <span class='ocrx_word' id='word_1_161' title='bbox 1366 2737 1574 2801; x_wconf 84' lang='lat' dir='ltr'>circumferre</span> <span class='ocrx_word' id='word_1_162' title='bbox 1593 2755 1626 2802; x_wconf 81' lang='lat'>20</span> 
     </span>
     <span class='ocr_line' id='line_1_22' title="bbox 431 2837 1574 2926; baseline 0 -23"><span class='ocrx_word' id='word_1_163' title='bbox 431 2837 568 2921; x_wconf 90' lang='lat' dir='ltr'>solebat,</span> <span class='ocrx_word' id='word_1_164' title='bbox 590 2848 758 2926; x_wconf 88' lang='lat' dir='ltr'>praeterea</span> <span class='ocrx_word' id='word_1_165' title='bbox 779 2839 943 2904; x_wconf 88' lang='lat' dir='ltr'>terebram</span> <span class='ocrx_word' id='word_1_166' title='bbox 959 2849 991 2903; x_wconf 88' lang='lat' dir='ltr'>et</span> <span class='ocrx_word' id='word_1_167' title='bbox 1010 2837 1239 2902; x_wconf 84' lang='lat' dir='ltr'>ascendentem</span> <span class='ocrx_word' id='word_1_168' title='bbox 1254 2837 1439 2901; x_wconf 83' lang='lat' dir='ltr'>machinam</span> <span class='ocrx_word' id='word_1_169' title='bbox 1454 2863 1517 2926; x_wconf 90' lang='lat' dir='ltr'>qua</span> <span class='ocrx_word' id='word_1_170' title='bbox 1531 2840 1574 2903; x_wconf 93' lang='lat' dir='ltr'>ad</span> 
     </span>
    </p>
   </div>
   <div class='ocr_carea' id='block_1_3' title="bbox 394 2939 1627 3431">
    <p class='ocr_par' dir='ltr' id='par_1_3' title="bbox 394 2939 1627 3431">
     <span class='ocr_line' id='line_1_23' title="bbox 431 2939 1573 3028; baseline 0 -24"><span class='ocrx_word' id='word_1_171' title='bbox 431 2964 559 3005; x_wconf 91' lang='lat' dir='ltr'>murum</span> <span class='ocrx_word' id='word_1_172' title='bbox 581 2939 677 3027; x_wconf 89' lang='lat' dir='ltr'>plano</span> <span class='ocrx_word' id='word_1_173' title='bbox 700 2941 784 3028; x_wconf 90' lang='lat' dir='ltr'>pede</span> <span class='ocrx_word' id='word_1_174' title='bbox 811 2943 968 3005; x_wconf 88' lang='lat' dir='ltr'>transitus</span> <span class='ocrx_word' id='word_1_175' title='bbox 996 2963 1067 3006; x_wconf 90' lang='lat' dir='ltr'>esse</span> <span class='ocrx_word' id='word_1_176' title='bbox 1089 2950 1214 3028; x_wconf 85' lang='lat' dir='ltr'>posset,</span> <span class='ocrx_word' id='word_1_177' title='bbox 1242 2941 1340 3004; x_wconf 89' lang='lat' dir='ltr'>etiam</span> <span class='ocrx_word' id='word_1_178' title='bbox 1363 2962 1496 3005; x_wconf 88' lang='lat' dir='ltr'>corvum</span> <span class='ocrx_word' id='word_1_179' title='bbox 1519 2941 1573 3004; x_wconf 91' lang='lat' dir='ltr'>de-</span> 
     </span>
     <span class='ocr_line' id='line_1_24' title="bbox 394 3040 1573 3129; baseline -0.003 -18"><span class='ocrx_word' id='word_1_180' title='bbox 394 3042 625 3126; x_wconf 71' lang='lat' dir='ltr'>rmolitorem,</span> <span class='ocrx_word' id='word_1_181' title='bbox 649 3064 744 3128; x_wconf 91' lang='lat' dir='ltr'>quem</span> <span class='ocrx_word' id='word_1_182' title='bbox 765 3040 913 3107; x_wconf 93' lang='lat' dir='ltr'>nonnulli</span> <span class='ocrx_word' id='word_1_183' title='bbox 935 3064 1048 3127; x_wconf 89' lang='lat' dir='ltr'>gruem</span> <span class='ocrx_word' id='word_1_184' title='bbox 1069 3040 1245 3129; x_wconf 90' lang='lat' dir='ltr'>appellant.</span> <span class='ocrx_word' id='word_1_185' title='bbox 1287 3065 1353 3105; x_wconf 93' lang='lat' dir='ltr'>non</span> <span class='ocrx_word' id='word_1_186' title='bbox 1375 3044 1481 3106; x_wconf 87' lang='lat' dir='ltr'>minus</span> <span class='ocrx_word' id='word_1_187' title='bbox 1505 3053 1573 3107; x_wconf 91' lang='lat' dir='ltr'>ute-</span> 
     </span>
     <span class='ocr_line' id='line_1_25' title="bbox 432 3142 1574 3230; baseline -0.003 -20"><span class='ocrx_word' id='word_1_188' title='bbox 432 3144 530 3210; x_wconf 90' lang='lat' dir='ltr'>batur</span> <span class='ocrx_word' id='word_1_189' title='bbox 572 3143 673 3207; x_wconf 90' lang='lat' dir='ltr'>ariete</span> <span class='ocrx_word' id='word_1_190' title='bbox 714 3145 898 3226; x_wconf 86' lang='lat' dir='ltr'>subrotato,</span> <span class='ocrx_word' id='word_1_191' title='bbox 947 3146 1038 3208; x_wconf 88' lang='lat' dir='ltr'>cuius</span> <span class='ocrx_word' id='word_1_192' title='bbox 1075 3143 1217 3207; x_wconf 90' lang='lat' dir='ltr'>rationes</span> <span class='ocrx_word' id='word_1_193' title='bbox 1259 3145 1397 3229; x_wconf 89' lang='lat' dir='ltr'>scriptas</span> <span class='ocrx_word' id='word_1_194' title='bbox 1433 3142 1574 3230; x_wconf 92' lang='lat' dir='ltr'>reliquit.</span> 
     </span>
     <span class='ocr_line' id='line_1_26' title="bbox 431 3243 1627 3331; baseline -0.001 -21"><span class='ocrx_word' id='word_1_195' title='bbox 431 3247 550 3310; x_wconf 90' lang='lat' dir='ltr'>turrim</span> <span class='ocrx_word' id='word_1_196' title='bbox 582 3253 690 3308; x_wconf 87' lang='lat' dir='ltr'>autem</span> <span class='ocrx_word' id='word_1_197' title='bbox 722 3248 888 3310; x_wconf 88' lang='lat' dir='ltr'>minimam</span> <span class='ocrx_word' id='word_1_198' title='bbox 922 3246 969 3309; x_wconf 88' lang='lat' dir='ltr'>ait</span> <span class='ocrx_word' id='word_1_199' title='bbox 997 3254 1145 3331; x_wconf 89' lang='lat' dir='ltr'>oportere</span> <span class='ocrx_word' id='word_1_200' title='bbox 1172 3243 1244 3308; x_wconf 93' lang='lat' dir='ltr'>fieri</span> <span class='ocrx_word' id='word_1_201' title='bbox 1276 3267 1317 3307; x_wconf 91' lang='lat' dir='ltr'>ne</span> <span class='ocrx_word' id='word_1_202' title='bbox 1345 3246 1451 3308; x_wconf 90' lang='lat' dir='ltr'>minus</span> <span class='ocrx_word' id='word_1_203' title='bbox 1476 3245 1575 3309; x_wconf 89' lang='lat' dir='ltr'>altam</span> <span class='ocrx_word' id='word_1_204' title='bbox 1595 3261 1627 3309; x_wconf 78' lang='lat'>25</span> 
     </span>
     <span class='ocr_line' id='line_1_27' title="bbox 432 3346 1574 3431; baseline 0 -20"><span class='ocrx_word' id='word_1_205' title='bbox 432 3347 618 3411; x_wconf 89' lang='lat' dir='ltr'>cubitorum</span> <span class='ocrx_word' id='word_1_206' title='bbox 641 3365 704 3431; x_wconf 82' lang='lat' dir='ltr'>Lx,</span> <span class='ocrx_word' id='word_1_207' title='bbox 737 3346 945 3411; x_wconf 90' lang='lat' dir='ltr'>latitudinem</span> <span class='ocrx_word' id='word_1_208' title='bbox 967 3363 1059 3427; x_wconf 77' lang='lat' dir='ltr'>xvir,</span> <span class='ocrx_word' id='word_1_209' title='bbox 1089 3354 1326 3410; x_wconf 87' lang='lat' dir='ltr'>contracturam</span> <span class='ocrx_word' id='word_1_210' title='bbox 1353 3356 1461 3410; x_wconf 91' lang='lat' dir='ltr'>autem</span> <span class='ocrx_word' id='word_1_211' title='bbox 1488 3370 1574 3412; x_wconf 91' lang='lat' dir='ltr'>sum·</span> 
     </span>
    </p>
   </div>
   <div class='ocr_carea' id='block_1_4' title="bbox 434 3545 664 3555">
    <p class='ocr_par' dir='ltr' id='par_1_4' title="bbox 434 3545 664 3555">
     <span class='ocr_line' id='line_1_28' title="bbox 434 3545 664 3555; baseline -0.009 0"><span class='ocrx_word' id='word_1_212' title='bbox 434 3545 664 3555; x_wconf 76' lang='grc'>....-----</span> 
     </span>
    </p>
   </div>
   <div class='ocr_carea' id='block_1_5' title="bbox 430 3655 1578 4159">
    <p class='ocr_par' dir='ltr' id='par_1_5' title="bbox 430 3655 1578 4159">
     <span class='ocr_line' id='line_1_29' title="bbox 502 3655 1577 3739; baseline 0.001 -17"><span class='ocrx_word' id='word_1_213' title='bbox 502 3673 713 3722; x_wconf 80' lang='lat' dir='ltr'>2eontinentur</span> <span class='ocrx_word' id='word_1_214' title='bbox 733 3675 757 3721; x_wconf 82' lang='lat' dir='ltr'>le</span> <span class='ocrx_word' id='word_1_215' title='bbox 783 3655 906 3737; x_wconf 74' lang='lat' dir='ltr'>(itinent</span> <span class='ocrx_word' id='word_1_216' title='bbox 924 3670 976 3737; x_wconf 87' lang='lat' dir='ltr'>H).</span> <span class='ocrx_word' id='word_1_217' title='bbox 1000 3666 1013 3738; x_wconf 80' lang='lat' dir='ltr'>ll</span> <span class='ocrx_word' id='word_1_218' title='bbox 1040 3673 1057 3721; x_wconf 80' lang='lat'>4</span> <span class='ocrx_word' id='word_1_219' title='bbox 1081 3674 1290 3723; x_wconf 89' lang='lat' dir='ltr'>commotionem</span> <span class='ocrx_word' id='word_1_220' title='bbox 1309 3679 1369 3722; x_wconf 81' lang='lat' dir='ltr'>ante</span> <span class='ocrx_word' id='word_1_221' title='bbox 1386 3689 1455 3727; x_wconf 84' lang='lat' dir='ltr'>corr.</span> <span class='ocrx_word' id='word_1_222' title='bbox 1475 3674 1504 3726; x_wconf 86' lang='lat' dir='ltr'>G.</span> <span class='ocrx_word' id='word_1_223' title='bbox 1530 3670 1577 3739; x_wconf 76' lang='lat'>115</span> 
     </span>
     <span class='ocr_line' id='line_1_30' title="bbox 430 3752 1578 3822; baseline -0.001 -17"><span class='ocrx_word' id='word_1_224' title='bbox 430 3756 646 3822; x_wconf 82' lang='lat' dir='ltr'>pephrasmenos</span> <span class='ocrx_word' id='word_1_225' title='bbox 664 3757 696 3805; x_wconf 99' lang='lat' dir='ltr'><em>H</em></span> <span class='ocrx_word' id='word_1_226' title='bbox 706 3754 786 3821; x_wconf 79' lang='lat' dir='ltr'>(Llc),</span> <span class='ocrx_word' id='word_1_227' title='bbox 804 3756 1038 3820; x_wconf 86' lang='lat' dir='ltr'>phephrasmenos</span> <span class='ocrx_word' id='word_1_228' title='bbox 1053 3752 1282 3822; x_wconf 78' lang='grc' dir='ltr'><strong>θ(πεφασμὲνος</strong></span> <span class='ocrx_word' id='word_1_229' title='bbox 1300 3758 1466 3820; x_wconf 77' lang='lat' dir='ltr'>Athenaeus).</span> <span class='ocrx_word' id='word_1_230' title='bbox 1481 3753 1493 3822; x_wconf 76' lang='lat' dir='ltr'>ll</span> <span class='ocrx_word' id='word_1_231' title='bbox 1504 3772 1536 3805; x_wconf 85' lang='lat' dir='ltr'>ac</span> <span class='ocrx_word' id='word_1_232' title='bbox 1550 3758 1578 3804; x_wconf 90' lang='lat' dir='ltr'><em>H</em></span> 
     </span>
     <span class='ocr_line' id='line_1_31' title="bbox 434 3836 1574 3907; baseline -0.004 -17"><span class='ocrx_word' id='word_1_233' title='bbox 434 3841 488 3905; x_wconf 79' lang='lat' dir='ltr'>(LI,</span> <span class='ocrx_word' id='word_1_234' title='bbox 501 3841 554 3890; x_wconf 87' lang='lat' dir='ltr'>hac</span> <span class='ocrx_word' id='word_1_235' title='bbox 567 3838 659 3905; x_wconf 58' lang='lat' dir='ltr'>hald:</span> <span class='ocrx_word' id='word_1_236' title='bbox 673 3841 725 3890; x_wconf 85' lang='lat' dir='ltr'>hac</span> <span class='ocrx_word' id='word_1_237' title='bbox 740 3842 762 3891; x_wconf 77' lang='lat' dir='ltr'><em>G</em></span> <span class='ocrx_word' id='word_1_238' title='bbox 774 3838 838 3902; x_wconf 73' lang='lat' dir='ltr'>(hae</span> <span class='ocrx_word' id='word_1_239' title='bbox 852 3840 905 3902; x_wconf 67' lang='lat' dir='ltr'>Ge),</span> <span class='ocrx_word' id='word_1_240' title='bbox 919 3837 931 3907; x_wconf 79' lang='lat' dir='ltr'>ll</span> <span class='ocrx_word' id='word_1_241' title='bbox 943 3856 977 3890; x_wconf 82' lang='lat' dir='ltr'>ea</span> <span class='ocrx_word' id='word_1_242' title='bbox 989 3856 1050 3905; x_wconf 68' lang='lat' dir='ltr'>ego:</span> <span class='ocrx_word' id='word_1_243' title='bbox 1062 3838 1085 3889; x_wconf 76' lang='lat' dir='ltr'>dr</span> <span class='ocrx_word' id='word_1_244' title='bbox 1098 3839 1137 3905; x_wconf 89' lang='lat' dir='ltr'>(et</span> <span class='ocrx_word' id='word_1_245' title='bbox 1152 3841 1184 3904; x_wconf 80' lang='lat' dir='ltr'>G)</span> <span class='ocrx_word' id='word_1_246' title='bbox 1199 3842 1256 3893; x_wconf 82' lang='lat' dir='ltr'>GH.</span> <span class='ocrx_word' id='word_1_247' title='bbox 1269 3837 1281 3905; x_wconf 79' lang='lat' dir='ltr'>ll</span> <span class='ocrx_word' id='word_1_248' title='bbox 1294 3844 1308 3890; x_wconf 78' lang='lat'><strong>7</strong></span> <span class='ocrx_word' id='word_1_249' title='bbox 1321 3842 1362 3890; x_wconf 83' lang='lat' dir='ltr'>ita</span> <span class='ocrx_word' id='word_1_250' title='bbox 1374 3857 1433 3904; x_wconf 70' lang='lat' dir='ltr'>epo:</span> <span class='ocrx_word' id='word_1_251' title='bbox 1447 3841 1474 3887; x_wconf 89' lang='lat' dir='ltr'>in</span> <span class='ocrx_word' id='word_1_252' title='bbox 1489 3840 1546 3888; x_wconf 85' lang='lat' dir='ltr'>GH.</span> <span class='ocrx_word' id='word_1_253' title='bbox 1561 3836 1574 3903; x_wconf 76' lang='lat' dir='ltr'>ll</span> 
     </span>
     <span class='ocr_line' id='line_1_32' title="bbox 432 3919 1575 3989; baseline -0.004 -14"><span class='ocrx_word' id='word_1_254' title='bbox 432 3923 607 3975; x_wconf 84' lang='lat' dir='ltr'>vementibus</span> <span class='ocrx_word' id='word_1_255' title='bbox 619 3925 766 3974; x_wconf 79' lang='lat' dir='ltr'>Lacbnmnn</span> <span class='ocrx_word' id='word_1_256' title='bbox 784 3923 1003 3986; x_wconf 85' lang='lat' dir='ltr'>(vehementibus</span> <span class='ocrx_word' id='word_1_257' title='bbox 1015 3922 1081 3988; x_wconf 83' lang='lat' dir='ltr'>ed.):</span> <span class='ocrx_word' id='word_1_258' title='bbox 1100 3924 1273 3974; x_wconf 86' lang='lat' dir='ltr'>venientibus</span> <span class='ocrx_word' id='word_1_259' title='bbox 1288 3919 1370 3989; x_wconf 76' lang='lat' dir='ltr'>GHl]</span> <span class='ocrx_word' id='word_1_260' title='bbox 1386 3924 1401 3971; x_wconf 90' lang='grc'>8</span> <span class='ocrx_word' id='word_1_261' title='bbox 1415 3923 1575 3986; x_wconf 82' lang='lat' dir='ltr'>graditano-</span> 
     </span>
     <span class='ocr_line' id='line_1_33' title="bbox 433 4002 1575 4074; baseline -0.002 -17"><span class='ocrx_word' id='word_1_262' title='bbox 433 4023 494 4058; x_wconf 90' lang='lat' dir='ltr'>rum</span> <span class='ocrx_word' id='word_1_263' title='bbox 506 4014 566 4059; x_wconf 78' lang='lat' dir='ltr'>ante</span> <span class='ocrx_word' id='word_1_264' title='bbox 583 4023 652 4058; x_wconf 82' lang='lat' dir='ltr'>corr.</span> <span class='ocrx_word' id='word_1_265' title='bbox 667 4009 696 4059; x_wconf 81' lang='lat' dir='ltr'>G.</span> <span class='ocrx_word' id='word_1_266' title='bbox 713 4004 725 4074; x_wconf 78' lang='lat' dir='ltr'>{l</span> <span class='ocrx_word' id='word_1_267' title='bbox 741 4006 862 4058; x_wconf 73' lang='lat' dir='ltr'>cebetas</span> <span class='ocrx_word' id='word_1_268' title='bbox 880 4007 1034 4072; x_wconf 74' lang='lat' dir='ltr'>(eaelteras</span> <span class='ocrx_word' id='word_1_269' title='bbox 1054 4008 1086 4072; x_wconf 78' lang='lat' dir='ltr'>G)</span> <span class='ocrx_word' id='word_1_270' title='bbox 1110 4009 1162 4057; x_wconf 85' lang='lat' dir='ltr'>GH</span> <span class='ocrx_word' id='word_1_271' title='bbox 1178 4006 1276 4072; x_wconf 77' lang='grc' dir='ltr'><strong><em>(γηρας</em></strong></span> <span class='ocrx_word' id='word_1_272' title='bbox 1289 4005 1371 4069; x_wconf 77' lang='lat' dir='ltr'>Ata).</span> <span class='ocrx_word' id='word_1_273' title='bbox 1387 4002 1575 4071; x_wconf 72' lang='lat' dir='ltr'>ll&#39;chalchedo·</span> 
     </span>
     <span class='ocr_line' id='line_1_34' title="bbox 434 4083 1575 4159; baseline -0.003 -18"><span class='ocrx_word' id='word_1_274' title='bbox 434 4094 498 4143; x_wconf 84' lang='lat' dir='ltr'>nius</span> <span class='ocrx_word' id='word_1_275' title='bbox 522 4092 573 4142; x_wconf 84' lang='lat' dir='ltr'>GH</span> <span class='ocrx_word' id='word_1_276' title='bbox 595 4083 797 4159; x_wconf 73' lang='grc' dir='ltr'>(καρχηδόνιος</span> <span class='ocrx_word' id='word_1_277' title='bbox 815 4091 898 4155; x_wconf 80' lang='lat' dir='ltr'>Aea).</span> <span class='ocrx_word' id='word_1_278' title='bbox 921 4088 933 4157; x_wconf 78' lang='lat' dir='ltr'>ll</span> <span class='ocrx_word' id='word_1_279' title='bbox 963 4094 994 4141; x_wconf 87' lang='grc'>10</span> <span class='ocrx_word' id='word_1_280' title='bbox 1019 4096 1046 4141; x_wconf 93' lang='lat' dir='ltr'>et</span> <span class='ocrx_word' id='word_1_281' title='bbox 1068 4091 1241 4155; x_wconf 79' lang='lat' dir='ltr'>iugis&#39;varas</span> <span class='ocrx_word' id='word_1_282' title='bbox 1261 4089 1290 4138; x_wconf 88' lang='lat' dir='ltr'><em>H</em></span> <span class='ocrx_word' id='word_1_283' title='bbox 1309 4089 1390 4152; x_wconf 60' lang='grc' dir='ltr'>(Ηώς</span> <span class='ocrx_word' id='word_1_284' title='bbox 1420 4086 1575 4152; x_wconf 77' lang='lat' dir='ltr'>etlvarias</span> 
     </span>
    </p>
   </div>
   <div class='ocr_carea' id='block_1_6' title="bbox 434 4177 1590 4853">
    <p class='ocr_par' dir='ltr' id='par_1_6' title="bbox 434 4177 1590 4853">
     <span class='ocr_line' id='line_1_35' title="bbox 434 4177 1590 4261; baseline -0.004 -19"><span class='ocrx_word' id='word_1_285' title='bbox 434 4200 497 4243; x_wconf 82' lang='lat' dir='ltr'>ante</span> <span class='ocrx_word' id='word_1_286' title='bbox 513 4208 583 4246; x_wconf 84' lang='lat' dir='ltr'>corr.</span> <span class='ocrx_word' id='word_1_287' title='bbox 604 4193 626 4243; x_wconf 87' lang='lat' dir='ltr'><em>G</em></span> <span class='ocrx_word' id='word_1_288' title='bbox 647 4177 753 4261; x_wconf 65' lang='lat' dir='ltr'>(vanis</span> <span class='ocrx_word' id='word_1_289' title='bbox 762 4212 795 4236; x_wconf 93' lang='lat'>=</span> <span class='ocrx_word' id='word_1_290' title='bbox 805 4193 891 4243; x_wconf 79' lang='lat' dir='ltr'>variIs</span> <span class='ocrx_word' id='word_1_291' title='bbox 905 4192 947 4254; x_wconf 77' lang='lat'>(1&#39;0,</span> <span class='ocrx_word' id='word_1_292' title='bbox 961 4194 1005 4257; x_wconf 80' lang='lat' dir='ltr'>qui</span> <span class='ocrx_word' id='word_1_293' title='bbox 1016 4198 1041 4242; x_wconf 79' lang='lat' dir='ltr'>et</span> <span class='ocrx_word' id='word_1_294' title='bbox 1052 4192 1113 4243; x_wconf 84' lang='lat' dir='ltr'>add.</span> <span class='ocrx_word' id='word_1_295' title='bbox 1127 4188 1219 4255; x_wconf 84' lang='lat' dir='ltr'>iugis).</span> <span class='ocrx_word' id='word_1_296' title='bbox 1231 4185 1243 4255; x_wconf 79' lang='grc' dir='ltr'><em>Η</em></span> <span class='ocrx_word' id='word_1_297' title='bbox 1256 4191 1287 4238; x_wconf 76' lang='lat'>12</span> <span class='ocrx_word' id='word_1_298' title='bbox 1300 4188 1361 4239; x_wconf 88' lang='lat' dir='ltr'>ideo</span> <span class='ocrx_word' id='word_1_299' title='bbox 1371 4205 1431 4253; x_wconf 71' lang='lat' dir='ltr'>epo:</span> <span class='ocrx_word' id='word_1_300' title='bbox 1445 4188 1473 4238; x_wconf 87' lang='lat' dir='ltr'>id</span> <span class='ocrx_word' id='word_1_301' title='bbox 1488 4189 1545 4239; x_wconf 79' lang='lat' dir='ltr'>GH.</span> <span class='ocrx_word' id='word_1_302' title='bbox 1561 4184 1574 4254; x_wconf 75' lang='lat' dir='ltr'>ll</span> <span class='ocrx_word' id='word_1_303' title='bbox 1588 4221 1590 4227; x_wconf 88' lang='lat'>-</span> 
     </span>
     <span class='ocr_line' id='line_1_36' title="bbox 438 4270 1578 4342; baseline -0.004 -15"><span class='ocrx_word' id='word_1_304' title='bbox 438 4280 470 4327; x_wconf 88' lang='grc'>13</span> <span class='ocrx_word' id='word_1_305' title='bbox 494 4281 609 4328; x_wconf 87' lang='lat' dir='ltr'>conatus</span> <span class='ocrx_word' id='word_1_306' title='bbox 631 4293 677 4330; x_wconf 87' lang='lat' dir='ltr'>om.</span> <span class='ocrx_word' id='word_1_307' title='bbox 696 4281 727 4327; x_wconf 82' lang='lat' dir='ltr'>lc.</span> <span class='ocrx_word' id='word_1_308' title='bbox 743 4273 756 4342; x_wconf 88' lang='grc' dir='ltr'>ΙΙ</span> <span class='ocrx_word' id='word_1_309' title='bbox 773 4277 804 4327; x_wconf 83' lang='grc'>15</span> <span class='ocrx_word' id='word_1_310' title='bbox 822 4276 1053 4340; x_wconf 68' lang='lat' dir='ltr'>Byzantiumcd.:</span> <span class='ocrx_word' id='word_1_311' title='bbox 1077 4270 1273 4339; x_wconf 80' lang='lat' dir='ltr'>by(1G)zautio</span> <span class='ocrx_word' id='word_1_312' title='bbox 1288 4273 1344 4325; x_wconf 83' lang='lat' dir='ltr'>GH.</span> <span class='ocrx_word' id='word_1_313' title='bbox 1366 4270 1379 4337; x_wconf 84' lang='grc'>11</span> <span class='ocrx_word' id='word_1_314' title='bbox 1401 4275 1430 4322; x_wconf 86' lang='grc'>16</span> <span class='ocrx_word' id='word_1_315' title='bbox 1448 4271 1578 4337; x_wconf 87' lang='lat' dir='ltr'>Polyidos</span> 
     </span>
     <span class='ocr_line' id='line_1_37' title="bbox 436 4352 1577 4426; baseline -0.005 -14"><span class='ocrx_word' id='word_1_316' title='bbox 436 4358 883 4426; x_wconf 74' lang='lat' dir='ltr'>(eaeAta):pholy(1G)d0soH.</span> <span class='ocrx_word' id='word_1_317' title='bbox 907 4356 919 4426; x_wconf 81' lang='lat' dir='ltr'>ll</span> <span class='ocrx_word' id='word_1_318' title='bbox 941 4358 1081 4410; x_wconf 88' lang='lat' dir='ltr'>thethalos</span> <span class='ocrx_word' id='word_1_319' title='bbox 1100 4359 1127 4407; x_wconf 90' lang='lat' dir='ltr'><em>H</em></span> <span class='ocrx_word' id='word_1_320' title='bbox 1151 4355 1234 4421; x_wconf 84' lang='lat' dir='ltr'>(Llc),</span> <span class='ocrx_word' id='word_1_321' title='bbox 1253 4356 1373 4406; x_wconf 86' lang='lat' dir='ltr'>thetalos</span> <span class='ocrx_word' id='word_1_322' title='bbox 1393 4356 1422 4406; x_wconf 84' lang='lat' dir='ltr'>G.</span> <span class='ocrx_word' id='word_1_323' title='bbox 1445 4352 1457 4421; x_wconf 87' lang='grc' dir='ltr'>ΙΙ</span> <span class='ocrx_word' id='word_1_324' title='bbox 1485 4359 1516 4405; x_wconf 80' lang='grc'>17</span> <span class='ocrx_word' id='word_1_325' title='bbox 1535 4372 1577 4406; x_wconf 89' lang='lat' dir='ltr'>re·</span> 
     </span>
     <span class='ocr_line' id='line_1_38' title="bbox 438 4438 1576 4511; baseline -0.005 -16"><span class='ocrx_word' id='word_1_326' title='bbox 438 4449 589 4511; x_wconf 85' lang='lat' dir='ltr'>coeperunt</span> <span class='ocrx_word' id='word_1_327' title='bbox 608 4447 643 4495; x_wconf 86' lang='lat' dir='ltr'>H.</span> <span class='ocrx_word' id='word_1_328' title='bbox 656 4442 668 4511; x_wconf 78' lang='lat' dir='ltr'>ll</span> <span class='ocrx_word' id='word_1_329' title='bbox 680 4445 770 4494; x_wconf 76' lang='lat' dir='ltr'>diariis</span> <span class='ocrx_word' id='word_1_330' title='bbox 787 4451 846 4493; x_wconf 81' lang='lat' dir='ltr'>ante</span> <span class='ocrx_word' id='word_1_331' title='bbox 864 4461 932 4495; x_wconf 70' lang='lat' dir='ltr'>corr.</span> <span class='ocrx_word' id='word_1_332' title='bbox 951 4446 980 4493; x_wconf 94' lang='lat' dir='ltr'><em>H</em></span> <span class='ocrx_word' id='word_1_333' title='bbox 991 4443 1107 4506; x_wconf 81' lang='lat' dir='ltr'>(chades</span> <span class='ocrx_word' id='word_1_334' title='bbox 1125 4442 1152 4505; x_wconf 80' lang='lat' dir='ltr'>l).</span> <span class='ocrx_word' id='word_1_335' title='bbox 1168 4438 1179 4507; x_wconf 77' lang='lat' dir='ltr'>ll</span> <span class='ocrx_word' id='word_1_336' title='bbox 1198 4441 1289 4491; x_wconf 84' lang='lat' dir='ltr'>carias</span> <span class='ocrx_word' id='word_1_337' title='bbox 1309 4441 1359 4490; x_wconf 79' lang='lat' dir='ltr'>GH</span> <span class='ocrx_word' id='word_1_338' title='bbox 1372 4438 1487 4502; x_wconf 82' lang='lat' dir='ltr'>(Chares</span> <span class='ocrx_word' id='word_1_339' title='bbox 1499 4440 1576 4500; x_wconf 75' lang='lat' dir='ltr'>Mar,</span> 
     </span>
     <span class='ocr_line' id='line_1_39' title="bbox 438 4520 1578 4595; baseline -0.008 -14"><span class='ocrx_word' id='word_1_340' title='bbox 438 4529 575 4581; x_wconf 81' lang='lat' dir='ltr'>Charidas</span> <span class='ocrx_word' id='word_1_341' title='bbox 592 4546 673 4594; x_wconf 77' lang='lat' dir='ltr'>supra</span> <span class='ocrx_word' id='word_1_342' title='bbox 689 4547 716 4593; x_wconf 85' lang='lat' dir='ltr'>p.</span> <span class='ocrx_word' id='word_1_343' title='bbox 735 4531 792 4589; x_wconf 77' lang='lat'>1⁶0,</span> <span class='ocrx_word' id='word_1_344' title='bbox 810 4529 847 4592; x_wconf 73' lang='grc'>4).</span> <span class='ocrx_word' id='word_1_345' title='bbox 859 4526 872 4595; x_wconf 76' lang='grc' dir='ltr'>ΙΙ</span> <span class='ocrx_word' id='word_1_346' title='bbox 891 4532 923 4579; x_wconf 75' lang='lat'>22</span> <span class='ocrx_word' id='word_1_347' title='bbox 942 4530 1046 4578; x_wconf 73' lang='lat' dir='ltr'>cornuti</span> <span class='ocrx_word' id='word_1_348' title='bbox 1064 4534 1123 4576; x_wconf 77' lang='lat' dir='ltr'>ante</span> <span class='ocrx_word' id='word_1_349' title='bbox 1135 4542 1203 4576; x_wconf 87' lang='lat' dir='ltr'>corr.</span> <span class='ocrx_word' id='word_1_350' title='bbox 1222 4523 1329 4587; x_wconf 79' lang='lat' dir='ltr'>(cornu)</span> <span class='ocrx_word' id='word_1_351' title='bbox 1348 4524 1380 4573; x_wconf 84' lang='lat' dir='ltr'>G.</span> <span class='ocrx_word' id='word_1_352' title='bbox 1392 4520 1404 4589; x_wconf 77' lang='lat' dir='ltr'>ll</span> <span class='ocrx_word' id='word_1_353' title='bbox 1416 4526 1449 4574; x_wconf 80' lang='lat'>23</span> <span class='ocrx_word' id='word_1_354' title='bbox 1467 4539 1578 4588; x_wconf 82' lang='lat' dir='ltr'>grauem</span> 
     </span>
     <span class='ocr_line' id='line_1_40' title="bbox 438 4602 1576 4678; baseline -0.007 -13"><span class='ocrx_word' id='word_1_355' title='bbox 438 4622 497 4665; x_wconf 80' lang='lat' dir='ltr'>ante</span> <span class='ocrx_word' id='word_1_356' title='bbox 509 4630 581 4665; x_wconf 80' lang='lat' dir='ltr'>corr.</span> <span class='ocrx_word' id='word_1_357' title='bbox 595 4614 693 4677; x_wconf 82' lang='lat' dir='ltr'>G(item</span> <span class='ocrx_word' id='word_1_358' title='bbox 705 4614 733 4677; x_wconf 88' lang='lat' dir='ltr'>l).</span> <span class='ocrx_word' id='word_1_359' title='bbox 745 4609 758 4678; x_wconf 82' lang='grc' dir='ltr'>ΙΙ</span> <span class='ocrx_word' id='word_1_360' title='bbox 769 4613 802 4661; x_wconf 82' lang='grc'>25</span> <span class='ocrx_word' id='word_1_361' title='bbox 813 4611 880 4675; x_wconf 81' lang='lat' dir='ltr'>(item</span> <span class='ocrx_word' id='word_1_362' title='bbox 892 4617 908 4663; x_wconf 77' lang='grc'>2</span> <span class='ocrx_word' id='word_1_363' title='bbox 920 4621 945 4663; x_wconf 84' lang='lat' dir='ltr'>et</span> <span class='ocrx_word' id='word_1_364' title='bbox 957 4616 973 4662; x_wconf 83' lang='lat'>4</span> <span class='ocrx_word' id='word_1_365' title='bbox 980 4609 1078 4676; x_wconf 62' lang='lat' dir='ltr'>pseq.)</span> <span class='ocrx_word' id='word_1_366' title='bbox 1090 4616 1192 4661; x_wconf 89' lang='lat' dir='ltr'>turrem</span> <span class='ocrx_word' id='word_1_367' title='bbox 1203 4609 1253 4658; x_wconf 80' lang='lat' dir='ltr'>GH</span> <span class='ocrx_word' id='word_1_368' title='bbox 1266 4606 1361 4672; x_wconf 85' lang='lat' dir='ltr'>(—rim</span> <span class='ocrx_word' id='word_1_369' title='bbox 1373 4609 1407 4658; x_wconf 74' lang='lat'>(1⁷⁶</span> <span class='ocrx_word' id='word_1_370' title='bbox 1416 4610 1452 4658; x_wconf 84' lang='lat' dir='ltr'>ad</span> <span class='ocrx_word' id='word_1_371' title='bbox 1462 4625 1484 4660; x_wconf 84' lang='lat' dir='ltr'>v.</span> <span class='ocrx_word' id='word_1_372' title='bbox 1498 4607 1552 4671; x_wconf 78' lang='lat'>25).</span> <span class='ocrx_word' id='word_1_373' title='bbox 1563 4602 1576 4677; x_wconf 75' lang='lat' dir='ltr'>ll</span> 
     </span>
     <span class='ocr_line' id='line_1_41' title="bbox 440 4692 1577 4764; baseline -0.008 -14"><span class='ocrx_word' id='word_1_374' title='bbox 440 4699 495 4750; x_wconf 74' lang='lat' dir='ltr'>alta</span> <span class='ocrx_word' id='word_1_375' title='bbox 514 4698 542 4746; x_wconf 95' lang='lat' dir='ltr'><em>H</em></span> <span class='ocrx_word' id='word_1_376' title='bbox 559 4694 662 4763; x_wconf 84' lang='lat' dir='ltr'>(-tam</span> <span class='ocrx_word' id='word_1_377' title='bbox 676 4698 732 4761; x_wconf 74' lang='lat' dir='ltr'>La:</span> <span class='ocrx_word' id='word_1_378' title='bbox 753 4697 810 4746; x_wconf 86' lang='lat' dir='ltr'>alta</span> <span class='ocrx_word' id='word_1_379' title='bbox 830 4699 859 4751; x_wconf 82' lang='lat' dir='ltr'>G.</span> <span class='ocrx_word' id='word_1_380' title='bbox 876 4696 935 4764; x_wconf 68' lang='lat'>[120</span> <span class='ocrx_word' id='word_1_381' title='bbox 953 4698 1001 4746; x_wconf 84' lang='lat' dir='ltr'>LX</span> <span class='ocrx_word' id='word_1_382' title='bbox 1022 4695 1080 4761; x_wconf 82' lang='lat' dir='ltr'>(pro</span> <span class='ocrx_word' id='word_1_383' title='bbox 1098 4697 1147 4763; x_wconf 90' lang='lat' dir='ltr'>IX)</span> <span class='ocrx_word' id='word_1_384' title='bbox 1165 4698 1220 4747; x_wconf 71' lang='lat' dir='ltr'>dor.</span> <span class='ocrx_word' id='word_1_385' title='bbox 1241 4695 1285 4758; x_wconf 72' lang='lat' dir='ltr'>(eu</span> <span class='ocrx_word' id='word_1_386' title='bbox 1304 4692 1389 4756; x_wconf 72' lang='lat' dir='ltr'>Athl:</span> <span class='ocrx_word' id='word_1_387' title='bbox 1409 4709 1505 4745; x_wconf 89' lang='lat' dir='ltr'>novem</span> <span class='ocrx_word' id='word_1_388' title='bbox 1520 4692 1577 4742; x_wconf 82' lang='lat' dir='ltr'>GH.</span> 
     </span>
     <span class='ocr_line' id='line_1_42' title="bbox 473 4775 1421 4853; baseline -0.007 -21"><span class='ocrx_word' id='word_1_389' title='bbox 473 4798 589 4839; x_wconf 79' lang='lat' dir='ltr'>vrrsuv.</span> <span class='ocrx_word' id='word_1_390' title='bbox 608 4799 644 4833; x_wconf 80' lang='lat' dir='ltr'>ns</span> <span class='ocrx_word' id='word_1_391' title='bbox 663 4797 776 4831; x_wconf 76' lang='lat' dir='ltr'>sncsrr.</span> <span class='ocrx_word' id='word_1_392' title='bbox 1339 4775 1378 4839; x_wconf 85' lang='lat'>18</span> <span class='ocrx_word' id='word_1_393' title='bbox 1415 4847 1421 4853; x_wconf 28' lang='lat'>¹</span> 
     </span>
    </p>
   </div>
   <div class='ocr_carea' id='block_1_7' title="bbox 0 0 2033 5825">
    <p class='ocr_par' dir='ltr' id='par_1_7' title="bbox 0 0 2033 5825">
     <span class='ocr_line' id='line_1_43' title="bbox 0 0 2033 5825; baseline 0 0"><span class='ocrx_word' id='word_1_394' title='bbox 0 0 2033 5825; x_wconf 95' lang='lat' dir='ltr'> </span> 
     </span>
    </p>
   </div>
  </div>
 </body>
</html>
