3984 5825
678 682 725 727 nu
747 681 1014 730 nucrnrscruna
1037 683 1106 729 um.
1130 684 1190 729 vu.
1444 671 1503 734 167

446 833 529 898 Cum
556 856 703 898 camerae
725 833 846 919 politae
865 832 1003 915 fuerint,
1032 835 1093 898 sub
1117 857 1171 898 eas
1195 858 1331 899 coronae
1353 847 1429 903 sunt
1450 861 1501 902 su-

360 935 549 1017 biciendae,
564 955 653 1022 ‘quas
676 937 818 1000 maxime
840 947 953 1000 tenues
977 942 1009 999 et
1030 935 1167 1000 subtiles
1191 946 1338 1024 oportere
1360 939 1432 1002 fieri
1454 941 1501 1003 vi-

361 1037 501 1102 debitur.
546 1060 619 1101 cum
647 1038 732 1101 enim
760 1037 901 1123 grandes
925 1043 1017 1121 sunt,
1045 1038 1188 1123 pondere
1217 1037 1422 1105 deducuntur
1443 1063 1503 1104 nec

360 1150 496 1225 possunt
525 1161 560 1203 se
588 1139 758 1204 sustinere.
802 1139 835 1201 in
863 1139 980 1226 hisque
1007 1141 1141 1204 minime
1162 1162 1304 1226 gypsum
1327 1141 1429 1226 debet,
1445 1142 1502 1205 ad-

359 1242 505 1324 misceri,
534 1240 593 1304 sed
621 1263 663 1305 ex
690 1248 776 1305 creto
804 1263 964 1308 marmore
990 1264 1055 1305 uno
1078 1250 1189 1306 tenore
1211 1241 1363 1328 perduci,
1392 1245 1442 1307 uti
1462 1260 1537 1307 nes

359 1341 590 1429 praecipiendo
605 1364 671 1407 non
685 1343 827 1431 patiatur
841 1365 906 1406 uno
928 1351 1039 1408 tenore
1062 1365 1141 1430 opus
1163 1345 1354 1408 inarescere.
1392 1329 1502 1409 etiam·

360 1467 422 1531 que
445 1444 610 1508 cavendae
633 1445 764 1508 suntin
787 1446 922 1508 cameris
945 1445 1126 1531 priscorum
1149 1443 1391 1530 dispositiones,
1415 1447 1509 1534 quod¹

360 1568 470 1611 earum
497 1545 653 1632 planitiae
682 1566 873 1610 coronarum
901 1548 995 1630 gravi
1019 1546 1161 1633 pondere
1188 1546 1403 1632 inpendentes
1426 1556 1502 1610 sunt

325 1647 572 1735 opericulosae.
623 1668 813 1712 coronarum
840 1658 949 1712 autem
977 1657 1054 1712 sunt
1079 1648 1163 1711 aliae
1190 1670 1291 1735 purae
1318 1647 1410 1733 aliae⁸
1431 1670 1500 1711 cae-

358 1749 454 1815 latae.
499 1747 707 1814 conclavibus
735 1755 844 1813 autem
872 1749 930 1814 ubi
958 1750 1045 1834 ignis
1073 1758 1129 1813 aut
1156 1749 1250 1838 plura
1281 1748 1404 1813 lumina
1427 1758 1502 1814 sunt
1521 1766 1552 1813 10

358 1851 525 1940 ponenda,
549 1873 649 1939 purae
671 1852 741 1917 fieri
765 1850 901 1935 debent,
925 1859 960 1916 ut
983 1874 1020 1916 eo
1043 1849 1170 1915 facilius
1195 1861 1434 1936 extergeantur.
1468 1851 1503 1913 in

358 1955 494 2020 aestiuis
524 1964 555 2019 et
576 1953 722 2035 exedris,
751 1953 809 2017 ubi
831 1953 965 2018 minime
987 1953 1095 2019 fumus
1119 1963 1249 2018 estnec
1271 1951 1374 2037 fuligo
1397 1960 1502 2039 potest

357 2078 490 2137 nocere,
525 2055 572 2119 ibi
605 2053 747 2119 caelatae
780 2063 856 2118 sunt
877 2054 1058 2134 faciendae.
1113 2077 1239 2142 semper
1272 2055 1359 2118 enim
1390 2052 1500 2117 album
1531 2107 1533 2114 ,

357 2181 437 2247 opus
465 2166 597 2244 propter
624 2156 809 2244 superbiam
838 2155 987 2220 candoris
1010 2178 1076 2220 non
1096 2153 1192 2220 modo
1216 2178 1257 2220 ex
1279 2149 1500 2245 propriissed

358 2262 456 2325 etiam
477 2258 592 2321 alienis
615 2257 772 2322 aedificiis
795 2257 937 2343 concipit
959 2255 1094 2321 fumum.
1520 2272 1551 2320 15
1563 2312 1600 2376 ,Λ
1622 2286 1767 2373 ,mim

324 2373 339 2421 5
443 2359 578 2424 Coronis
592 2357 763 2446 explicatis
786 2360 927 2447 parietes
950 2380 1047 2444 quam
1069 2359 1246 2445 asperrime
1268 2355 1499 2447 trullissentur,
1520 2351 1563 2477 ’ἶ

358 2470 471 2548 postea
492 2468 600 2522 autem
623 2481 736 2546 supra,
759 2459 993 2525 trullissatione
1016 2459 1255 2540 subarescente,
1278 2457 1500 2523 deformentur
1529 2452 1541 2473 ‘'

359 2561 554 2624 directiones
583 2558 748 2641 harenati,
775 2563 824 2623 uti
852 2560 1072 2646 longitudines
1100 2560 1143 2624 ad
1174 2559 1320 2645 regulam
1342 2569 1373 2622 et
1395 2559 1437 2623 ad
1460 2560 1497 2623 li-

357 2685 468 2744 neam,
497 2659 687 2725 altitudines
710 2659 751 2723 ad
774 2663 1057 2747 perpendiculum,
1085 2662 1198 2746 anguli
1219 2661 1261 2724 ad
1283 2683 1427 2724 normam
1450 2683 1498 2724 re·

357 2764 555 2853 spondentes
579 2763 762 2846 exigantur.
811 2785 951 2848 namque
972 2765 1020 2827 sic
1043 2763 1213 2827 emendata
1234 2764 1442 2828 tectoriorum
1464 2764 1499 2825 in
1517 2777 1571 2827 20'

356 2866 492 2955 picturis
516 2865 577 2928 erit
600 2864 737 2951 specics.
776 2860 1025 2947 subarescente,
1053 2864 1172 2929 iterum
1194 2873 1227 2929 et
1248 2865 1344 2929 tertio
1366 2863 1498 2951 induca-
1583 2931 1584 2934 ,

270 3004 275 3008 -
356 2979 420 3034 tur.
456 2969 503 3032 ita
518 2988 591 3029 cum
606 2966 774 3029 fundatior
796 2967 858 3030 erit
881 2987 923 3030 ex
944 2965 1098 3030 harenato
1121 2966 1294 3048 directura,
1318 2988 1355 3029 eo
1377 2967 1500 3029 firmior

322 3072 418 3135 serit
432 3069 475 3134 ad
498 3076 693 3132 vetustatem
716 3066 863 3131 soliditas
886 3067 1026 3132 tectorii.
1071 3089 1143 3130 cum
1164 3066 1207 3130 ab
1229 3066 1350 3129 harena
1371 3076 1500 3152 praeter

355 3170 624 3237 trullissationem
657 3191 722 3233 non
750 3170 857 3233 minus
885 3169 991 3233 tribus
1021 3169 1117 3232 coriis
1144 3167 1243 3232 fuerit
1271 3166 1497 3251 deformatum,

355 3284 432 3339 tunc
454 3295 472 3336 e
491 3282 649 3336 marmore
663 3270 782 3357 grandi
804 3270 999 3336 directiones
1022 3277 1098 3334 sunt
1119 3268 1331 3353 subigendae,
1354 3267 1432 3332 dum
1452 3270 1499 3333 ita
1516 3283 1549 3332 25

414 3508 439 3582 '2
458 3544 525 3597 quas
543 3545 602 3595 epo:
631 3543 711 3593 quam
730 3524 863 3593 (quiid)
884 3527 942 3581 ΕΗ.
971 3524 982 3592 ΙΙ
1010 3525 1125 3576 subtiles
1145 3525 1179 3577 Ε;
1208 3525 1318 3575 subtilis
1336 3526 1367 3574 H
1383 3524 1462 3589 (Llc).
1483 3524 1495 3592 Η

356 3616 507 3668 videbitur:
535 3617 573 3664 sie
597 3613 654 3662 ΕΗ.
682 3608 695 3677 ΙΙ
722 3614 738 3662 3
761 3611 929 3677 grandesunt
946 3614 977 3661 tc.
1006 3607 1018 3677 ΙΙ
1045 3612 1211 3674 lpossunse
1229 3609 1265 3659 H.
1289 3605 1301 3676 ΙΙ
1329 3610 1430 3675 inhisq3
1455 3611 1496 3661 H:

355 3704 388 3752 In
405 3696 519 3764 hislquo
539 3698 560 3748 Ε
583 3695 607 3762 (1
624 3713 640 3763 e
656 3712 737 3761 supra
761 3696 795 3745 60
815 3698 832 3745 i.
846 3712 869 3746 e.
888 3695 933 3747 vel
952 3710 1012 3761 que,
1030 3702 1057 3744 ut
1076 3695 1109 3743 [λ
1126 3692 1272 3759 inhisque).
1297 3690 1310 3760 ΙΙ
1335 3697 1351 3745 5
1369 3711 1403 3744 ex
1421 3700 1497 3745 creto

355 3784 448 3850 (Joe.):
475 3786 592 3848 excepto
616 3781 675 3831 ΕΗ.
703 3776 717 3847 ΙΙ
743 3782 841 3830 9sunt
857 3779 931 3831 aliae
949 3774 1035 3846 purae
1053 3794 1105 3829 rec.
1125 3776 1173 3840 (ric
1194 3794 1274 3841 supra
1295 3794 1346 3827 scr.
1364 3780 1400 3833 11⁶.
1423 3781 1498 3829 iuxta

355 3886 408 3919 cam
418 3870 489 3933 satra
500 3868 607 3918 lectione
616 3868 691 3930 ponit
703 3865 744 3914 ed.
759 3864 828 3914 Flor.
842 3868 905 3913 sunt
917 3864 1021 3929 figurae
1035 3864 1110 3914 aliae
1123 3861 1234 3927 purae):
1251 3867 1315 3911 sunt
1327 3860 1431 3926 figurae
1446 3863 1497 3911 GH

355 3952 454 4019 (atet).
466 3948 478 4017 [l
491 3954 522 4002 10
533 3956 635 4001 antem!
645 3951 684 4000 sic
695 3950 753 4002 GH.
764 3945 777 4015 Η
791 3950 821 3998 11
832 3962 916 4014 purae
925 3949 996 3997 doe:
1006 3964 1074 4014 pura
1085 3948 1144 3997 ΕΗ.
1157 3942 1169 4013 ΙΙ
1181 3962 1213 3996 eo
1222 3946 1352 3995 Bondam:
1365 3961 1398 3994 ea
1410 3945 1468 3997 ΕΗ,
1481 3942 1493 4010 {l

357 4040 387 4087 12
408 4034 535 4087 exhedris
555 4036 606 4086 GH
624 4033 703 4097 (Llc).
719 4030 780 4123 1116
794 4034 879 4084 etiam
892 4031 1005 4083 alienis:
1024 4035 1061 4083 sic
1081 4033 1138 4082 ΕΗ.
1154 4027 1166 4097 Ι]
1183 4032 1214 4079 16
1233 4032 1284 4095 qua
1304 4026 1396 4093 G(L):
1416 4044 1496 4093 quem

355 4123 385 4172 H
402 4119 456 4185 (le),
481 4116 493 4186 ΙΙ
517 4122 548 4169 17
566 4119 770 4170 trullissatione
794 4118 992 4169 subarescente
1015 4119 1084 4168 doc:
1112 4114 1339 4165 trullissationem
1364 4110 1443 4176 (-ne
1462 4113 1494 4179 G)

355 4206 552 4257 subarescente
572 4204 630 4254 ΕΗ.
647 4200 659 4270 ΙΙ
677 4205 707 4254 18
726 4190 899 4254 derectiones
919 4203 972 4254 GH
983 4200 1161 4267 (directiones
1174 4198 1241 4261 Llc).
1258 4194 1270 4263 ΙΙ
1285 4198 1338 4247 uti:
1357 4198 1395 4247 sic
1408 4198 1465 4247 GH.
1481 4196 1492 4261 {t
1523 4237 1526 4241 .

355 4295 382 4341 et
401 4291 436 4341 sd
453 4289 568 4340 lincam:
586 4290 624 4338 sic
643 4288 696 4339 ΕΗ
712 4286 754 4353 (L,
774 4293 803 4337 et
820 4286 924 4337 lineam
941 4286 984 4352 le).
1008 4284 1019 4352 ΙΙ
1044 4288 1075 4336 19
1094 4284 1195 4334 adorna
1214 4283 1243 4332 Ε.
1271 4277 1284 4347 [l
1310 4284 1343 4331 20
1365 4283 1495 4331 tectorio-

354 4408 412 4444 rum
429 4393 500 4443 ·loc.:
520 4396 654 4442 tectorum
674 4392 732 4441 ΕΗ.
755 4386 767 4456 ΙΙ
790 4392 822 4440 21
841 4394 869 4441 et
887 4389 981 4439 tertio:
1005 4388 1043 4437 sic
1062 4387 1120 4437 ΕΗ.
1146 4380 1158 4452 Η
1180 4386 1212 4434 22
1231 4368 1435 4436 cbmfundatior
1457 4383 1493 4439 Η,

354 4492 414 4527 cum
437 4476 576 4527 fundatior
600 4476 621 4526 Ε
643 4472 723 4540 (hle).
745 4471 758 4541 ΙΙ
780 4475 915 4525 harenato
935 4473 968 4522 G:
992 4476 1057 4521 —ta
1078 4470 1110 4519 Η
1130 4469 1192 4534 (Lo,
1216 4472 1332 4518 arenata
1350 4465 1378 4528 1).
1406 4462 1418 4533 Η
1448 4466 1493 4515 de-

352 4569 463 4614 recturs
483 4561 533 4612 ΕΗ
551 4561 592 4624 (L,
611 4559 749 4611 directum
767 4559 810 4623 lc).
831 4555 842 4624 ΙΙ
863 4560 896 4609 25
914 4555 1013 4622 grandi
1025 4546 1082 4609 eda*
1104 4554 1219 4621 grundio
1234 4554 1287 4604 ΕΗ
1302 4550 1410 4617 (granio
1423 4553 1493 4615 epit,

353 4648 387 4711 es.
408 4647 472 4698 Pati.
492 4648 515 4709 1,
538 4644 588 4710 15).
611 4642 623 4711 ΙΙ
646 4645 821 4696 detectiones
845 4643 898 4693 ΕΗ
913 4639 1177 4705 (directionesLlc).
1212 4639 1260 4689 sed
1275 4654 1303 4702 p.
1321 4651 1374 4702 seq.
1394 4639 1411 4687 3
1429 4635 1494 4685 diri-

353 4734 435 4797 gatur
454 4732 504 4781 GH
520 4730 600 4794 (Llc).
658 4743 660 4747 ·
799 4734 801 4739 '
