3984 5825
431 694 493 758 298
615 710 661 755 nr
684 708 844 756 mvussrs
868 707 1028 756 saomms
1051 705 1401 754 ancurrscromcas.

432 862 568 927 eandem
595 862 693 926 habet
721 862 886 926 virtutem.
933 858 989 924 sed
1018 859 1177 946 quomodo
1206 859 1248 923 do
1276 861 1360 946 pino
1395 859 1515 923 resina
1543 858 1595 922 de·

432 967 548 1047 currit,
572 965 620 1028 sic
648 973 679 1029 ct
709 985 751 1026 ex
780 985 818 1027 ea
840 962 946 1028 oleum
975 960 1062 1048 quod
1092 961 1237 1026 cedrium
1267 961 1411 1027 dicitur.
1462 960 1494 1023 si
1523 958 1598 1024 libri

430 1077 486 1132 aut
509 1066 598 1130 clusa
621 1088 657 1131 eo
680 1067 890 1151 inungantur,
913 1087 1088 1151 numquam
1109 1065 1206 1128 tineis
1223 1073 1280 1128 aut
1295 1064 1393 1126 carie
1410 1060 1597 1127 solventur.

431 1169 541 1234 multis
569 1170 679 1254 itaque
707 1167 836 1254 templis
864 1177 997 1254 propter
1024 1168 1251 1230 aeternitatem
1280 1187 1326 1228 ex
1352 1187 1395 1228 ea
1425 1163 1600 1228 lacunaria

431 1280 506 1335 sunt
528 1270 624 1333 facta.
670 1271 768 1334 etiarn
791 1268 869 1334 folia
892 1271 960 1334 eius
983 1290 1138 1355 cupresso
1160 1266 1282 1332 similia
1305 1276 1404 1332 sunt.
1453 1269 1628 1331 nasciturs

431 1374 573 1439 maxime
595 1373 629 1435 in
645 1371 743 1436 Creta
765 1382 796 1435 et
819 1373 854 1435 in
868 1371 983 1434 Africa
1006 1378 1038 1434 et
1059 1371 1094 1434 in
1110 1369 1224 1458 Syriae
1244 1369 1470 1455 regionibus.
1508 1391 1601 1455 quae·

432 1497 569 1561 cumque
591 1496 667 1558 ergo
692 1483 847 1560 exparte
875 1471 1056 1537 meridiana
1085 1473 1267 1536 caeduntur
1294 1470 1465 1536 utiliores
1498 1481 1602 1554 erunt,

432 1599 474 1641 cx
502 1586 594 1664 parte
620 1586 729 1639 autom
756 1574 1001 1664 septentrionali
1029 1575 1228 1661 proceriores
1258 1583 1342 1639 sunt
1374 1572 1527 1639 arbores
1550 1573 1603 1637 sed

432 1682 495 1745 cito
518 1679 686 1743 vitiantur.

294 1783 349 1823 xm·
376 1783 403 1823 Μ’
515 1781 625 1844 Primo
658 1781 705 1843 ita
731 1788 835 1844 cortes
864 1788 896 1843 et
930 1778 1057 1844 culinae
1091 1778 1205 1843 calidis
1238 1777 1325 1841 locis
1361 1778 1603 1862 designentur.
1619 1793 1640 1840 re

283 1835 361 1875 fabrico
379 1835 414 1874 ril-

281 1885 421 1989 {pgljgfflffipg
431 1881 556 1947 bubilia
583 1884 616 1945 in
645 1890 737 1969 parte
766 1882 947 1946 meridiana
974 1883 1021 1945 ita
1047 1891 1084 1946 ut
1105 1880 1147 1944 ad
1175 1889 1283 1945 ortum
1314 1888 1382 1944 aut
1413 1879 1466 1943 ad
1498 1879 1603 1943 focum

296 2021 409 2069 vaips
431 1984 532 2047 boves
567 1993 724 2070 spectent.
768 1983 955 2048 nitidiorem
989 1984 1075 2046 enim
1108 1981 1231 2046 cultum
1259 1983 1468 2070 recipiunt,
1508 1980 1538 2045 si
1566 1981 1602 2045 ad

281 2071 416 2123 ‘¹'³¹¹‘¹’²¹³·
431 2085 540 2149 lumen
561 2086 741 2149 attendant.
785 2085 924 2151 latitudo
947 2104 993 2149 xv
1016 2084 1155 2172 pedibus
1184 2083 1393 2171 disponatur
1419 2093 1459 2147 et
1484 2085 1522 2146 in
1544 2084 1601 2147 sin·

432 2186 517 2272 gulis
545 2187 678 2275 paribus
702 2207 765 2252 vul
793 2187 893 2275 pedes
921 2187 1156 2273 relinquantur.
1201 2184 1331 2272 equilia
1365 2184 1500 2250 calidis
1530 2183 1601 2249 locis

432 2290 636 2370 ordinentur,
672 2299 703 2352 ct
731 2289 918 2353 obscuriora
951 2289 1029 2352 fiant
1059 2297 1093 2352 ut
1121 2289 1227 2352 securi
1260 2289 1344 2375 equi
1382 2286 1638 2374 pabulentur.15

433 2389 532 2454 ovilia
560 2400 592 2454 et
618 2389 753 2476 caprilia
780 2414 839 2476 pro
867 2390 1092 2475 magnitudine
1123 2391 1195 2474 agri
1224 2389 1480 2476 disponantur.
1528 2388 1602 2452 cello

433 2493 559 2555 vinaria
588 2501 700 2555 contra
727 2491 958 2576 frigidissimas
988 2492 1068 2555 caeli
1091 2491 1204 2579 plagas
1227 2491 1448 2557 conlocetur.
1499 2491 1602 2556 lumen

433 2593 583 2657 fenestris
609 2616 628 2657 a
657 2595 877 2681 septentrione
905 2593 1085 2676 tribuatur,
1114 2603 1150 2658 ut
1179 2592 1330 2680 undique
1364 2593 1526 2678 frigidus
1553 2615 1603 2657 aer

432 2696 510 2758 vina
538 2693 710 2759 incolumia
744 2704 863 2760 servet.
913 2718 1034 2781 vapore
1062 2697 1147 2759 enim
1178 2696 1287 2760 omnia
1320 2706 1600 2783 corrumpuntur.

432 2796 573 2863 torcular
601 2797 698 2861 huius
721 2799 755 2860 in
778 2800 999 2887 septentrione
1020 2809 1169 2885 ponatur.
1213 2795 1297 2860 cella
1328 2806 1460 2862 autem
1488 2796 1600 2863 olearis
1613 2809 1637 2857 u

432 2902 466 2963 in
487 2898 623 2964 meridie
652 2901 878 2965 constituenda
901 2909 960 2964 cst.
1005 2900 1167 2964 fenestrae
1189 2899 1231 2963 ab
1255 2897 1383 2964 eadem
1417 2909 1522 2989 parte
1549 2901 1599 2964 tri-

432 3002 583 3084 buantur,
607 3024 647 3065 nc
669 3003 791 3087 frigore
813 3002 917 3067 oleum
941 3025 1014 3067 enm
1036 3002 1187 3066 sordibus
1208 3003 1407 3068 retineatur
1434 3013 1472 3069 et
1496 3003 1599 3068 suavi·

247 3165 252 3176 ,
302 3099 312 3184 ,’
330 3126 358 3170 ‚2
432 3114 481 3168 tas
505 3105 628 3191 saporis
651 3114 774 3190 pereat.
813 3105 954 3190 torcular
975 3104 1071 3168 huius
1094 3105 1127 3168 in
1143 3103 1279 3168 meridie
1298 3114 1498 3170 statuatur.
1537 3127 1598 3168 ma·

285 3241 336 3285 a„
371 3264 374 3270 .
431 3206 568 3290 gnitudo
590 3229 648 3292 pro
671 3206 873 3270 abundantia
895 3208 942 3270 rei
964 3206 1032 3269 fiat.
1076 3207 1228 3291 granaria
1250 3205 1295 3268 ad
1321 3209 1596 3292 septentrionem

312 3299 314 3306 ¹
379 3367 384 3372 ,
432 3306 485 3377 vel
512 3306 696 3394 aquilonem
725 3318 889 3396 spectent,
916 3319 953 3373 ut
975 3329 1049 3372 aere
1070 3306 1221 3392 gelidiori
1244 3307 1367 3392 fruges
1396 3310 1514 3374 tutius
1537 3319 1634 3373 ser-25

500 3551 515 3597 2
534 3548 598 3598 oleri
613 3566 662 3613 pp:
682 3549 742 3599 oleo
759 3568 781 3599 υ.
803 3545 814 3614 ΙΙ
836 3549 955 3598 cedrium
974 3547 1081 3609 (Vitr.):
1102 3548 1195 3599 cedria
1207 3564 1264 3613 app.
1280 3542 1295 3613 ll
1314 3549 1339 3598 si
1352 3547 1430 3599 libri
1442 3567 1497 3616 pp:
1518 3548 1596 3613 silbri

431 3652 453 3687 v.
477 3629 490 3699 ΙΙ
513 3636 595 3684 3aut
618 3633 709 3683 clusa:
731 3638 769 3682 sic
790 3650 839 3697 opp
863 3632 991 3695 (restricti
1010 3636 1106 3698 sipnum
1127 3637 1187 3684 add.
1206 3633 1255 3698 90).
1283 3627 1297 3699 ΙΙ
1328 3634 1520 3701 inungantur
1540 3651 1596 3699 opp:

431 3725 566 3800 -gtntur
583 3745 620 3800 90.
637 3732 648 3801 Η
665 3738 681 3784 4
701 3751 733 3784 ea
751 3752 796 3798 op:
817 3751 847 3785 eo
868 3752 894 3798 p.
918 3732 931 3800 Η
952 3736 1097 3785 lacunario
1113 3753 1140 3800 p.
1158 3732 1169 3801 ΙΙ
1189 3738 1205 3785 5
1224 3735 1310 3784 etiam
1331 3752 1402 3799 epo:
1425 3753 1495 3786 nam
1515 3735 1594 3802 apul!

432 3839 503 3888 eius:
526 3839 564 3886 sic
581 3853 638 3901 opp.
661 3834 672 3904 Η
692 3842 756 3886 sunt
776 3822 812 3899 (1)
830 3852 924 3886 rasura
942 3838 991 3886 del.
1009 3847 1044 3890 σθ.
1060 3832 1072 3903 {l
1088 3839 1103 3887 6
1122 3839 1150 3886 in
1163 3836 1285 3887 africa&
1299 3837 1329 3885 in
1351 3840 1461 3901 syriae
1476 3839 1593 3903 regioni-

432 3923 482 3971 bns
501 3938 544 3985 op:
564 3922 593 3970 in
611 3922 679 3970 siria.
698 3919 720 3969 dr
737 3921 765 3970 in
785 3921 872 3987 africe
890 3922 1048 3985 regionibns
1065 3940 1090 3987 9.
1115 3918 1126 3987 ll
1151 3924 1181 3973 10
1199 3923 1240 3972 ita
1259 3926 1370 3973 cortes:
1398 3925 1442 3972 sic
1460 3939 1516 3989 opp
1535 3922 1593 3986 (its-

432 4022 485 4069 quo
496 4006 546 4071 pc).
565 4002 576 4070 [l
593 4006 673 4071 culnq
684 4022 710 4070 p.
728 4001 739 4072 Η
758 4008 786 4054 11
807 4007 835 4055 in
855 4011 960 4070 partem
974 4006 1154 4056 meridianam
1173 4005 1252 4069 (-m't
1265 4006 1295 4070 p)
1315 4024 1371 4072 opy
1393 4008 1484 4071 (corr.
1505 4008 1568 4070 ed).
1582 4006 1592 4072 ΣΙ

433 4093 463 4137 1¹2
482 4093 610 4154 spectent
629 4092 682 4142 ert:
702 4094 848 4154 expectent
865 4107 921 4155 opp.
946 4087 957 4155 [l
984 4093 1015 4139 13
1033 4092 1082 4139 XV
1101 4108 1128 4139 v:
1152 4090 1307 4154 quindecim
1324 4107 1374 4155 pp.
1401 4088 1416 4158 ΙΙ
1441 4092 1593 4157 disponan-

431 4179 475 4222 tur
494 4172 552 4238 (sic)
576 4192 602 4233 o,
631 4173 751 4238 quod(qd
768 4173 918 4239 p)ponatur
943 4191 986 4238 pp.
1010 4170 1022 4238 ΙΙ
1052 4176 1082 4223 14
1105 4175 1218 4238 paribus
1241 4174 1312 4223 Mar.
1338 4174 1393 4237 (ex
1422 4176 1525 4239 Palm:
1549 4191 1593 4241 pa-

431 4258 548 4307 rietibus
564 4275 620 4323 opp.
645 4255 656 4331 l}
679 4259 746 4309 VIII
764 4278 777 4309 o
797 4258 897 4324 (Pomp
917 4259 997 4309 VIIII
1014 4274 1058 4323 pp.
1083 4255 1094 4323 ΙΙ
1114 4267 1174 4323 post
1192 4258 1392 4321 relinquantur
1412 4278 1452 4311 ex
1478 4262 1594 4311 Vitruvio

431 4344 469 4405 (p.
490 4345 547 4406 146,
558 4342 670 4405 27-29)
689 4344 751 4393 Ιισσσ
769 4344 847 4394 verba
863 4345 947 4393 subdit
964 4360 993 4408 p:
1013 4342 1151 4392 Bubilium
1170 4347 1262 4392 autem
1279 4342 1391 4394 debent
1412 4361 1482 4396 esse
1504 4346 1594 4396 latitu-

432 4427 525 4477 dines.
539 4443 590 4476 nec
613 4427 730 4477 minores
752 4428 850 4492 pedum
872 4428 970 4477 denum
981 4463 986 4475 .
997 4444 1049 4477 nec
1071 4407 1190 4477 maior'es
1212 4426 1339 4478 Vdenum
1351 4466 1357 4477 .
1369 4427 1533 4496 longitudo
1555 4431 1594 4480 uti

431 4511 541 4574 singula
559 4513 626 4576 iuga
648 4528 700 4561 nec
724 4514 810 4561 minus
834 4512 917 4577 podes
940 4517 1075 4576 occupent
1089 4515 1235 4576 septenos.
1258 4507 1270 4577 {l
1297 4512 1437 4576 thuilia
1460 4532 1493 4581 p.
1524 4512 1538 4582 ΙΙ
1566 4517 1594 4565 16

431 4593 505 4644 ovila
522 4614 545 4649 a.
567 4593 578 4661 ΙΙ
599 4596 778 4661 disponantur
795 4615 821 4648 v:
842 4595 962 4661 quodtqd'
976 4596 1146 4662 p)ponantur
1161 4612 1196 4660 pp
1215 4594 1251 4657 (ut
1269 4596 1494 4661 quodponenda
1513 4604 1541 4651 in
1558 4603 1595 4651 tit.

431 4678 501 4726 tuias
514 4683 605 4743 caprilis
620 4697 669 4743 pro
686 4680 792 4745 comp).
806 4677 817 4745 ll
835 4684 865 4731 19
878 4681 1027 4731 incolomis
1039 4698 1078 4745 op.
1092 4677 1104 4745 Η
1120 4683 1153 4730 ‘20
1165 4678 1284 4730 toreulor
1296 4697 1324 4742 p.
1340 4676 1355 4746 ΙΙ
1375 4686 1595 4747 septentrione:

430 4762 467 4810 sie
484 4777 540 4825 opp.
563 4759 575 4829 {l
599 4766 631 4813 ‘22
649 4764 801 4816 retineatur
821 4763 985 4829 (rtieneatur
1003 4765 1026 4829 o)
1046 4781 1093 4816 om.
1109 4783 1137 4832 p.
1160 4760 1172 4831 ll
1195 4765 1228 4813 25
1245 4762 1394 4832 gelidiori:
1415 4770 1459 4819 sic
1478 4786 1540 4837 upy.
