3984 5825
668 769 672 777 Ι
743 711 790 757 nn
814 710 1079 759 aucurraeruun
1106 712 1174 758 nm.
1199 713 1247 758 rx.
1502 697 1564 761 213

417 866 640 933 doctrinarum
663 863 866 929 abundantia
888 865 1063 946 satiantur',
1093 865 1232 952 optimos
1255 864 1412 929 habentos
1436 867 1562 952 sapien-

418 970 484 1034 tiae
515 989 630 1032 sensus
658 965 833 1030 instituunt
862 965 1052 1030 civitatibus
1086 967 1295 1030 humanitatis
1328 989 1432 1031 mores
1460 989 1564 1054 aequa

418 1073 491 1136 iura
513 1068 619 1155 leges,
643 1067 761 1155 quibus
784 1067 974 1132 absentibus
997 1066 1088 1133 nulla
1110 1076 1218 1156 potest
1241 1090 1312 1132 esse
1335 1069 1452 1132 civitas
1475 1070 1562 1134 inco-

379 1185 396 1232 3
418 1173 526 1238 lumis.
571 1191 645 1234 cum
668 1190 745 1255 ergo
767 1178 858 1234 tanta
879 1191 1015 1234 munera
1029 1171 1071 1236 ab
1086 1171 1280 1257 scriptorum
1302 1169 1477 1256 prudentia
1498 1172 1562 1258 pri·

420 1275 523 1341 vatim
550 1271 745 1360 publiceque
772 1270 894 1336 fuerint
922 1271 1108 1338 hominibus
1137 1281 1328 1359 praeparata
1335 1320 1344 1352 ‚
1373 1295 1437 1337 non
1459 1271 1598 1336 solunte

418 1377 560 1442 arbitror
591 1373 715 1462 palmas
749 1382 781 1438 et
814 1395 948 1438 coronas
982 1373 1034 1438 his
1068 1374 1170 1439 tribui
1198 1382 1346 1461 oportere
1374 1372 1431 1438 sed
1466 1375 1563 1438 etiam

420 1477 552 1543 decerni
585 1475 767 1565 triumphos
796 1483 827 1538 et
859 1475 944 1540 inter
976 1476 1110 1542 deorum
1146 1476 1239 1541 sedes
1273 1497 1327 1541 eos
1363 1475 1562 1540 dedicandos

419 1579 570 1646 iudicari.
1506 1655 1509 1661 Ι

505 1681 629 1747 Eorum
651 1687 761 1743 autem
783 1679 928 1763 cogitata
948 1678 1075 1745 utiliter
1101 1679 1287 1745 hominibus
1311 1679 1353 1743 ad
1383 1680 1484 1743 vitam
1508 1702 1562 1744 ex-

419 1781 606 1874 plicandam
629 1803 646 1844 e
668 1779 816 1868 pluribus
839 1779 969 1867 singula
991 1803 1168 1868 paucorum
1191 1783 1239 1846 uti
1262 1781 1411 1869 exempla
1433 1796 1615 1868 ponam,1o

420 1908 504 1975 quae
531 1891 801 1970 recognoscentes
828 1884 1012 1948 necessario
1040 1882 1090 1947 his
1120 1883 1219 1948 tribui
1248 1883 1386 1949 honores
1415 1893 1563 1971 oportere

383 1999 400 2047 4
420 1988 566 2054 homines
594 1984 844 2050 confitebuntur.
894 1994 926 2049 ct
953 1986 1094 2072 primum
1118 1985 1263 2051 Platonis
1287 2008 1304 2048 e
1326 1984 1436 2049 multis
1465 1987 1562 2051 ratio·

419 2088 640 2156 cinationibus
661 2084 846 2152 utilissimis
869 2109 966 2150 unam
990 2086 1262 2173 quemadmodum
1284 2086 1326 2152 ab
1348 2110 1385 2153 eo
1401 2087 1564 2174 explicata

419 2194 464 2258 sit
485 2211 615 2279 ponam.
657 2187 747 2254 locus
769 2197 826 2252 eut
849 2211 926 2274 ager
948 2188 1081 2275 paribus
1109 2187 1265 2253 lateribus
1288 2190 1317 2252 si
1339 2178 1406 2253 erit¹
1424 2188 1561 2276 quadra·
1581 2203 1591 2251 1

419 2304 473 2358 tus
502 2312 641 2379 eumque
668 2291 848 2378 oportuerit
875 2289 1052 2377 duplicari,
1087 2290 1174 2378 quod
1209 2313 1289 2379 opus
1317 2289 1417 2354 fuerit
1444 2312 1563 2376 genere
1583 2305 1614 2353 15

419 2395 547 2461 numeri
569 2391 657 2480 quod
678 2390 1004 2479 multiplicationibus
1020 2416 1085 2459 non
1107 2393 1290 2476 invenitur,
1315 2414 1356 2456 ex
1372 2392 1563 2481 descriptio-

421 2496 518 2562 nibus
541 2494 701 2560 linearum
724 2493 904 2558 emendatis
927 2495 1098 2580 reperitur.
1136 2505 1184 2560 est
1207 2506 1315 2560 autem
1330 2495 1402 2574 cius
1414 2495 1462 2559 rei
1484 2495 1564 2559 haee

421 2596 666 2664 demonstratio.
704 2594 883 2682 quadratus
905 2594 995 2661 locus
1012 2598 1147 2685 quierit
1169 2595 1285 2682 longus
1302 2606 1334 2660 et
1355 2595 1440 2661 latus
1463 2596 1563 2684 pedes

422 2701 523 2766 denos
547 2697 649 2763 efficit
669 2719 765 2761 areae
788 2698 886 2784 pedes
910 2715 939 2760 e.
984 2698 1012 2762 si
1036 2721 1112 2783 ergo
1136 2720 1216 2784 opus
1239 2698 1338 2761 sumit
1362 2721 1434 2762 eum
1457 2699 1562 2786 dupli·

421 2825 496 2868 care
518 2810 551 2867 et
573 2798 693 2890 pedum
716 2815 757 2864 ce
779 2801 857 2864 item
880 2821 898 2863 e
919 2799 1053 2886 paribus
1076 2799 1233 2863 lateribus
1256 2798 1379 2882 facore,
1408 2822 1563 2886 quaeren-
1583 2816 1615 2863 ao

421 2907 501 2971 dum
523 2903 586 2970 erit
607 2924 705 2991 quam
726 2924 881 2988 magnum
903 2900 987 2965 latus
1011 2902 1079 2967 eius
1101 2901 1253 2988 quadrati
1274 2900 1331 2965 fiat
1353 2911 1389 2965 ut
1412 2924 1506 2966 exeo
1522 2920 1562 2967 ec

419 3007 522 3098 pedes
545 3003 821 3095 duplicationibus
844 3026 938 3068 areae
960 3003 1186 3091 respondeant.
1236 3002 1270 3066 id
1299 3010 1407 3067 autem
1430 3025 1564 3069 nurnero

420 3131 516 3176 nemo
540 3116 646 3196 potest
668 3106 826 3171 invenire.
870 3128 1010 3192 namque
1033 3107 1061 3169 si
1084 3123 1163 3169 x1111
1186 3105 1440 3187 constituentur,
1470 3114 1564 3169 erunt

385 3225 402 3273 5
421 3209 632 3300 multiplicati
653 3207 753 3297 pedes
769 3225 884 3290 exem,
908 3209 936 3272 si
952 3226 1009 3289 xv,
1034 3207 1132 3295 pedes
1149 3224 1274 3272 ccxxv.
1319 3228 1395 3293 ergo
1411 3206 1564 3293 quoniam

374 3334 376 3338 ·
422 3313 457 3379 id
492 3335 558 3379 non
587 3309 770 3398 explicatur
801 3331 955 3392 numero,
989 3311 1023 3374 in
1052 3331 1089 3375 eo
1117 3309 1275 3397 quadrato
1307 3308 1404 3395 longo
1433 3318 1465 3372 et
1497 3307 1563 3372 lato
1582 3324 1614 3373 ee

421 3414 522 3504 pedes
545 3431 570 3478 x
592 3434 675 3500 quae
702 3411 802 3477 fuerit
829 3411 916 3474 linea
938 3411 980 3476 ab
1002 3410 1121 3497 angulo
1144 3412 1187 3475 ad
1216 3411 1372 3497 angulum
1394 3411 1563 3497 diagonios

422 3516 637 3605 perducatur,
665 3514 715 3577 uti
742 3511 934 3577 dividentur
955 3512 1020 3576 duo
1048 3514 1179 3599 trigona
1200 3535 1305 3600 aequa
1327 3511 1564 3600 magnitudine,

422 3617 555 3703 singula
575 3636 670 3680 areae
692 3614 813 3704 pedum
836 3615 1117 3702 quinquagenum,
1146 3615 1188 3679 ad
1211 3616 1345 3702 eiusque
1367 3614 1472 3679 lineae
1495 3615 1564 3679 dia-

422 3717 551 3806 gonalis
578 3714 820 3802 longitudinem
847 3715 936 3781 locus
960 3715 1138 3804 quadratus
1170 3716 1304 3805 paribus
1327 3715 1562 3781 lateribusde-

422 3820 597 3887 scribatur.
640 3819 688 3883 ita
709 3841 806 3908 quam
828 3840 947 3905 magna
969 3818 1034 3884 duo
1056 3820 1186 3904 trigona
1207 3820 1242 3881 in
1263 3818 1388 3883 minore
1404 3817 1562 3905 quadrato
1582 3833 1615 3881 30

494 4100 508 4146 1
525 4094 663 4146 habentes
680 4109 738 4161 ego:
764 4092 869 4144 hebent
885 4093 970 4143 ΕΘΗ.
995 4089 1007 4161 ΙΙ
1033 4096 1049 4143 2
1067 4092 1217 4143 instituunt
1235 4090 1409 4141 civitatibus:
1432 4091 1470 4139 stc
1487 4089 1565 4141 EGH

423 4181 638 4249 (instituuntque
655 4177 732 4241 dou).
755 4174 767 4243 ΙΙ
789 4177 969 4228 humanitatis
993 4177 1072 4227 ΕΘΗ
1095 4176 1173 4241 (Istlv,
1195 4175 1335 4225 -tatibus
1353 4182 1411 4225 ante
1434 4190 1503 4226 corr.
1524 4175 1565 4239 ln,

423 4270 533 4317 -tates
550 4263 601 4327 ct).
622 4260 635 4331 ΙΙ
661 4265 691 4313 lb
709 4262 846 4327 duplicari
864 4261 925 4313 Ee:
952 4278 1016 4312 -re
1039 4263 1067 4311 H
1090 4258 1167 4327 (hle).
1196 4256 1208 4326 ll
1237 4261 1268 4308 16
1292 4258 1361 4324 quod
1381 4275 1413 4309 m.
1433 4260 1461 4307 H
1481 4257 1564 4323 (Llc):

425 4367 479 4416 quo
497 4366 531 4402 m.
550 4349 608 4403 EG.
632 4344 644 4415 ΙΙ
667 4363 701 4397 ex
717 4346 818 4400 Marta:
839 4362 870 4397 eo
889 4347 975 4397 EGH.
996 4343 1008 4413 Η
1030 4346 1143 4397 1711αθο
1161 4361 1207 4396 om.
1226 4346 1256 4393 le.
1278 4340 1290 4411 ll
1316 4346 1346 4394 19
1366 4342 1386 4393 O
1474 4343 1518 4406 (20
1538 4348 1565 4392 et

424 4434 468 4498 21)
487 4434 533 4485 CC
617 4440 643 4484 et
659 4435 686 4482 tn
702 4448 758 4499 sqq.
778 4430 877 4498 (1611)
897 4446 1054 4481 aurocrorum
1070 4432 1144 4494 atqua
1161 4435 1257 4493 ponunt
1279 4428 1364 4479 EGH.
1388 4425 1399 4495 ll
1422 4427 1564 4493 duplicare

425 4518 506 4584 (Joc.)
529 4522 556 4569 et
579 4516 619 4583 (et
637 4532 731 4567 aream
748 4514 816 4583 Joc.)
840 4516 936 4582 pedum
961 4514 1020 4565 OC:
1051 4513 1187 4579 duplicari
1210 4512 1281 4577 pedu
1301 4511 1363 4562 -OO·
1381 4512 1465 4565 EGH.
1494 4509 1506 4578 ll
1533 4514 1566 4563 20

426 4602 569 4669 eparibus:
598 4603 636 4653 eie
658 4601 743 4655 EGH.
770 4597 783 4668 ll
810 4604 842 4651 22
866 4599 1052 4665 duplicatibus
1074 4600 1097 4647 Ie
1120 4604 1145 4647 et
1167 4604 1226 4647 ente
1243 4613 1310 4649 corr.
1335 4597 1359 4647 Ιι.
1383 4592 1394 4663 ΙΙ
1418 4598 1450 4647 26
1473 4612 1523 4662 que
1548 4597 1566 4648 f.

425 4688 463 4737 E:
484 4686 557 4751 quod
581 4687 600 4737 f.
626 4686 683 4739 GH.
708 4682 720 4753 ΙΙ
743 4686 888 4751 diagonios
914 4685 983 4734 Joc:
1016 4682 1143 4748 diagonia
1171 4681 1255 4735 EGII.
1278 4677 1289 4748 ll
1317 4683 1350 4731 28
1374 4681 1567 4747 quinquagest

426 4787 499 4822 mum
517 4774 540 4821 Ie
558 4767 607 4838 [sJ.
