3984 5825
514 626 575 722 toa
995 670 1153 717 virnnvn

513 837 544 892 et
556 826 674 914 quibus
685 826 720 888 in
730 825 810 889 locis
820 825 856 887 in
866 846 988 910 pronao
1000 830 1195 914 procurrunt
1209 830 1316 906 antae,
1330 823 1365 885 in
1376 823 1481 887 isdem
1493 847 1511 887 e
1522 826 1659 909 regione

513 927 612 991 cellae
639 929 800 1014 parietum
828 925 994 990 columnas
1024 926 1117 990 binas
1147 922 1351 987 conlocantes
1381 924 1528 990 efficiunt
1550 935 1659 989 tusca-

513 1031 660 1093 nicorum
690 1037 722 1092 et
749 1049 938 1112 graecorum
969 1049 1104 1114 operum
1136 1048 1339 1090 communem
1367 1028 1658 1092 ratiocinationem.

513 1130 571 1195 alii
599 1152 677 1194 vero
705 1140 910 1197 removentes
938 1132 1079 1217 parietes
1101 1127 1192 1191 aedis
1216 1138 1247 1191 et
1269 1127 1471 1214 adplicantes
1494 1128 1536 1192 ad
1559 1131 1694 1207 inter-5

480 1248 496 1297 5
516 1231 691 1312 columnia,
715 1239 910 1318 pteromatos
933 1233 1050 1318 spatiis
1074 1229 1211 1294 sublatis
1234 1229 1380 1294 efficiunt
1402 1230 1547 1317 amplum
1569 1230 1661 1294 laxa-

514 1343 660 1398 mentum
690 1331 805 1414 cellae‚
834 1333 960 1420 reliqua
987 1342 1097 1398 autem
1119 1330 1383 1418 proportionibus
1407 1342 1439 1397 et
1461 1333 1661 1419 symmetriis

515 1435 621 1500 isdem
644 1443 873 1499 conservantes
895 1433 985 1498 aliud
1007 1455 1110 1519 genus
1133 1433 1256 1518 figurae
1278 1433 1484 1519 nominisque
1507 1434 1663 1499 videntur

514 1535 839 1625 pseudoperipterum
865 1537 1100 1621 procreavisse.
1149 1535 1229 1598 haec
1256 1544 1365 1597 antem
1386 1557 1507 1620 genera
1528 1544 1663 1622 propter

514 1659 610 1701 usum
643 1637 875 1702 sacrificiorum
909 1647 1153 1702 convertuntur.
1208 1659 1274 1701 non
1302 1637 1389 1699 enim
1416 1638 1567 1702 omnibus
1598 1637 1662 1700 diis

467 1759 499 1807 10
516 1739 622 1805 isdem
648 1738 828 1811 rationibus
856 1739 953 1804 aedes
982 1750 1058 1804 sunt
1084 1738 1273 1819 faciundae,
1304 1738 1390 1825 quod
1412 1737 1495 1804 alius
1518 1738 1584 1803 alia
1605 1761 1662 1802 va-

515 1842 632 1913 rietate
655 1863 821 1906 sacrorum
842 1841 1039 1926 religionum
1058 1840 1160 1905 habet
1183 1841 1327 1904 effectus.

602 1961 723 2025 Omnes
737 1959 868 2025 aedium
882 1982 1047 2025 sacrarum
1064 1959 1327 2024 ratiocinationes
1349 1958 1397 2022 uti
1419 1958 1500 2022 mihi
1521 1958 1664 2023 traditae
1682 1992 1696 2038 7

517 2070 593 2126 sunt
622 2061 760 2149 exposui
787 2059 982 2148 ordinesque
1010 2072 1042 2126 et
1069 2062 1274 2148 symmetrias
1298 2074 1409 2123 earum
1431 2059 1664 2147 partitionibus

518 2162 673 2244 distinxi,
703 2172 735 2226 et
762 2185 899 2248 quarum
925 2162 1073 2250 dispares
1101 2172 1176 2227 sunt
1203 2162 1327 2247 figurae
1351 2172 1383 2226 et
1405 2163 1524 2247 quibus
1549 2161 1664 2226 discri-

469 2288 501 2336 15
519 2263 662 2327 minibus
696 2265 781 2327 inter
812 2286 848 2327 se
880 2275 956 2328 sunt
990 2262 1176 2351 disparatae
1209 2263 1316 2350 quoad
1348 2264 1441 2349 potui
1478 2263 1665 2349 significare

519 2365 648 2451 scriptis
665 2366 811 2451 exposui.
848 2388 934 2429 nunc
950 2366 990 2429 de
1005 2367 1070 2430 aris
1087 2365 1219 2431 deorum
1242 2363 1463 2430 inmortalium
1483 2365 1535 2429 uti
1555 2376 1666 2453 aptam

520 2466 785 2530 constitutionem
827 2465 968 2532 habeant
1004 2468 1047 2531 ad
1083 2466 1316 2532 sacrificiorum
1351 2469 1510 2532 rationem
1548 2467 1666 2531 dicam.

438 2590 506 2644 vill
522 2590 599 2632 arae
626 2577 774 2654 spectent
801 2567 844 2631 ad
873 2570 1031 2633 orientem
1059 2579 1090 2634 et
1121 2591 1248 2658 semper
1275 2568 1446 2633 inferiores
1470 2569 1536 2633 sint
1558 2568 1666 2634 conlo·
1686 2588 1744 2654 (lx)

522 2678 614 2732 eatae
636 2692 733 2755 quam
755 2669 927 2736 simulacra
949 2694 1033 2758 quae
1054 2671 1177 2736 fuerint
1199 2672 1235 2733 in
1255 2669 1353 2752 aede,
1377 2671 1426 2734 uti
1449 2671 1667 2756 suspicientes

472 2788 505 2836 ao
524 2770 732 2835 divinitatem
760 2773 816 2858 qui
844 2772 1028 2861 supplicant
1051 2784 1082 2836 et
1105 2771 1287 2838 sacrificant
1310 2771 1496 2859 disparibus
1518 2768 1667 2835 altitudi-

523 2871 619 2937 nibus
641 2872 683 2937 ad
707 2876 758 2939 sui
781 2875 936 2963 cuiusque
952 2875 1008 2940 dei
1023 2875 1173 2940 decorem
1188 2883 1431 2961 componantur.
1475 2871 1668 2937 altitudines

522 2984 631 3040 autem
654 2997 766 3040 earum
788 2978 836 3041 sic
858 2988 934 3042 sunt
957 2976 1171 3065 explicandae
1193 2978 1242 3041 uti
1261 2975 1336 3041 Iovi
1358 2975 1573 3063 omnibusque
1596 2997 1668 3039 cae-

523 3076 660 3142 lestibus
695 3100 792 3166 quam
825 3078 1068 3145 excelsissimae
1102 3080 1360 3160 constituantur,
1394 3077 1516 3143 Vestae
1538 3076 1670 3142 'Terrae

523 3179 673 3264 Matique
688 3179 826 3243 humiles
847 3180 1064 3245 conlocentur.
1108 3181 1155 3243 ita
1176 3178 1312 3243 idoneae
1333 3178 1383 3243 his
1406 3178 1670 3244 institutionibus

475 3299 509 3347 25
527 3278 779 3367 explicabuntur
800 3282 835 3344 in
857 3280 1125 3346 meditationibus
1148 3303 1277 3345 ararum
1299 3281 1563 3359 deformationes.

609 3396 793 3483 Explicatis
809 3398 939 3464 aedium
954 3422 1119 3464 sacrarum
1135 3399 1422 3486 compositionibus
1437 3401 1473 3465 in
1487 3399 1550 3465 hoc
1571 3398 1671 3481 libro,

524 3498 711 3583 insequenti
725 3500 766 3563 de
788 3502 1007 3566 communium
1029 3523 1162 3589 operum
1184 3502 1358 3566 reddemus
1381 3500 1687 3566 distributionibus·

525 3598 769 3684 explicationes.

528 3807 757 3821 *—

595 3945 655 3992 let
673 3946 771 4009 quibus
790 3945 882 3996 Sota:
905 3946 1030 4009 Equibus
1055 3947 1113 4001 GH.
1142 3944 1154 4014 [Ι
1181 3930 1293 3997 laedis
1313 3924 1408 4015 (aedeis
1433 3945 1492 4012 θὴς
1518 3946 1602 3999 aedes
1622 3947 1674 3997 GH

527 4025 596 4093 (Llc,
609 4030 657 4079 sed
670 4021 750 4081 'antea
760 4032 799 4082 L0
810 4029 947 4095 parietis).
963 4026 975 4097 ll
991 4031 1007 4080 5
1020 4035 1187 4095 pteromatos
1200 4033 1241 4083 ed.
1254 4032 1307 4085 rt:
1325 4031 1492 4097 pleromatos
1506 4032 1567 4083 GH.
1583 4028 1595 4099 ΙΙ
1611 4027 1674 4097 spa·

527 4112 574 4162 uss
592 4112 784 4168 susurrator.
804 4113 919 4179 (susus
932 4116 1013 4175 Mar„
1031 4122 1058 4164 a
1070 4114 1118 4178 aa:
1138 4117 1221 4181 spatii
1241 4116 1337 4180 (aar
1355 4117 1386 4179 c)
1399 4114 1503 4166 sublati
1517 4102 1570 4167 orl
1581 4114 1673 4181 (scca

528 4197 629 4261 spatiis
644 4196 649 4260 Ι
664 4200 768 4250 sublati
785 4208 844 4251 ante
862 4216 917 4251 ras.
935 4218 962 4259 c,
986 4200 1090 4265 spaciis
1109 4200 1213 4251 sublati
1230 4199 1258 4263 i).
1281 4196 1293 4266 ΙΙ
1317 4203 1332 4250 7
1350 4200 1481 4252 videntur
1501 4201 1559 4252 Joc.
1578 4200 1673 4263 (ree.):

528 4280 636 4332 videtur
654 4283 771 4345 (-d&nr
789 4285 827 4350 H)
849 4284 908 4337 GH.
930 4280 942 4351 {l
964 4286 980 4334 8
1003 4284 1253 4366 psndofflperipterfl
1273 4284 1294 4335 G
1312 4284 1456 4349 (coniunxit
1469 4284 1524 4351 (30).
1546 4282 1558 4351 Η
1580 4287 1612 4335 10
1629 4286 1672 4335 fa·

529 4382 646 4433 cinndae
669 4386 698 4433 H
721 4384 804 4450 (Llc):
830 4384 958 4451 faciende
983 4386 1012 4438 θ.
1035 4381 1048 4452 ΙΙ
1073 4388 1104 4437 13
1124 4401 1217 4436 earum
1235 4387 1290 4438 eda
1315 4401 1408 4436 eorum
1428 4386 1486 4437 GH.
1509 4381 1522 4451 {l
1551 4386 1583 4436 14
1605 4400 1674 4452 qna·

529 4480 588 4515 rum
605 4468 662 4520 eri:
681 4484 794 4533 quorum
813 4470 871 4520 GH.
895 4467 907 4536 ΙΙ
931 4471 963 4520 15
981 4485 1033 4534 quo
1058 4469 1170 4534 adpotui
1187 4472 1217 4519 H
1234 4467 1322 4534 (6012),
1347 4468 1499 4535 qdadpotui
1520 4476 1581 4519 ante
1602 4484 1674 4520 corr.

531 4543 769 4616 G(quodadpotni
787 4570 809 4611 c,
828 4569 898 4618 quae
917 4553 1031 4619 adpotui
1048 4553 1095 4616 L).
1117 4550 1130 4620 ΙΙ
1158 4556 1189 4604 16
1212 4554 1268 4606 aris
1288 4554 1322 4605 G:
1347 4555 1420 4606 areis
1442 4555 1474 4604 H
1486 4553 1570 4620 (Lu).
1599 4550 1612 4621 ΙΙ
1639 4556 1675 4604 25

531 4649 640 4684 ararum
659 4636 694 4685 Gr
722 4652 848 4687 arearum
866 4639 894 4687 H
912 4635 972 4701 (Llc
991 4634 1050 4702 [osb
1073 4632 1086 4703 ΙΙ
1108 4640 1141 4688 26
1160 4638 1308 4704 explicatis
1328 4638 1361 4689 G:
1386 4636 1554 4704 explicantis
1575 4638 1605 4687 H
1628 4634 1674 4700 (lc,

530 4722 609 4769 —tes
626 4717 672 4785 L).
695 4716 712 4785 ΙΙ7
730 4721 762 4770 28
781 4717 1106 4787 explicationesq31ante
1123 4736 1176 4772 raa.
1194 4723 1231 4775 H.
1328 4765 1338 4778 .
