3984 5825
672 694 719 742 ns
742 696 1009 744 sucrrrrccmum
1034 699 1100 745 niu.
1124 700 1170 746 vr.
1432 687 1491 749 133

342 857 395 913 cst
417 848 582 913 fructuum
610 871 752 932 summa,
780 849 885 914 nullas
913 849 986 936 plus
1016 849 1157 915 habendi
1186 874 1257 915 csse
1280 855 1489 918 necessitates

343 972 483 1039 eamque
505 972 576 1015 esse
598 952 828 1038 proprietatem
851 950 1043 1016 divitiarum
1070 955 1227 1035 maxime,
1255 953 1337 1017 nihil
1361 954 1488 1019 deside-

342 1074 427 1117 rare.
477 1052 535 1116 scd
563 1051 647 1117 forte
673 1053 820 1117 nonnulli
855 1054 935 1117 haec
968 1052 1055 1117 levia
1083 1054 1264 1119 iudicantes
1293 1063 1407 1141 putant
1434 1080 1487 1122 cos

343 1175 416 1218 esse
432 1155 596 1242 sapientes
619 1156 674 1240 qui
692 1155 830 1241 pecunia
849 1165 924 1220 sunt
939 1154 1073 1243 copiosi.
1111 1157 1219 1242 itaque
1235 1155 1381 1243 plerique
1396 1158 1438 1222 ad
1455 1158 1487 1222 id

341 1256 549 1344 propositum
571 1256 802 1321 contendentes
823 1256 962 1320 audacia
983 1256 1131 1321 adhibita
1154 1280 1226 1321 cum
1242 1258 1368 1322 divitiis
1392 1261 1522 1324 etiams

306 1373 323 1421 ὁ
342 1359 498 1423 notitiam
512 1367 588 1422 sunt
602 1359 779 1423 consecuti.
816 1379 877 1442 ego
892 1367 1011 1440 autem,
1035 1357 1166 1441 Caesar,
1183 1381 1246 1422 nen
1261 1359 1303 1422 ad
1319 1363 1489 1448 pecuniam

344 1459 525 1548 parandam
547 1470 680 1526 exarte
702 1460 778 1524 dedi
801 1459 962 1541 studium,
991 1459 1049 1523 scd
1072 1461 1178 1546 potius
1201 1462 1392 1525 tenuitatem
1415 1485 1488 1526 cum

343 1562 431 1626 bona
453 1560 659 1650 famaquam
680 1560 915 1627 abundantiam
944 1582 1017 1624 eum
1040 1561 1175 1625 infamia
1197 1563 1394 1649 sequendam
1415 1586 1488 1649 pro·

343 1663 433 1728 bavi.
478 1663 553 1727 ideo
580 1665 712 1729 notities
737 1685 851 1749 parunt
880 1671 930 1725 cst
950 1661 1119 1746 adsecuta,
1149 1662 1208 1727 sed
1230 1674 1337 1728 tamen
1359 1665 1409 1728 his
1432 1688 1487 1729 ve-

341 1763 524 1829 laminibus
547 1763 655 1847 editis,
681 1773 719 1830 ut
739 1786 850 1852 spero,
874 1762 972 1827 etiam
994 1764 1133 1848 posteris
1156 1785 1210 1827 cro
1232 1775 1339 1829 notus.
1383 1789 1488 1853 neque
1510 1784 1538 1831 to

343 1876 395 1932 est
416 1864 602 1931 mirandum
629 1865 708 1954 quid
734 1868 781 1931 ita
808 1864 957 1954 pluribus
986 1865 1048 1928 sim
1074 1866 1216 1950 ignotus.
1261 1868 1361 1930 cctcri
1383 1868 1486 1931 archi-

341 1970 425 2034 tecti
444 1976 563 2053 rogant
585 1977 617 2032 et
637 1967 786 2032 ambiunt
805 1977 842 2031 ut
856 1964 1120 2048 architectantur,
1143 1965 1223 2030 mihi
1237 1975 1346 2031 autem
1361 1991 1380 2031 a
1396 1992 1487 2055 prae·

343 2069 532 2158 captoribus
548 2078 597 2134 est
611 2068 768 2134 traditum
782 2077 932 2153 rogatum
952 2089 1018 2130 nen
1037 2077 1205 2152 rogantem
1221 2079 1370 2155 oportere
1385 2072 1485 2134 susci-

343 2192 423 2260 pere
444 2191 571 2255 curam,
599 2170 687 2258 quod
713 2171 874 2255 ingenuus
904 2166 992 2232 color
1018 2179 1168 2233 movetur
1194 2170 1319 2255 pudore
1346 2172 1485 2258 petendo

341 2295 413 2338 rem
440 2273 663 2359 suspiciosam.
706 2292 783 2334 nam
814 2269 1010 2334 beneficium
1045 2269 1160 2335 dantes
1192 2294 1257 2336 non
1289 2274 1486 2359 accipientes
1507 2289 1538 2338 15

342 2374 543 2440 ambiuntur.
595 2371 675 2470 quid
707 2374 792 2436 enim
826 2381 975 2459 putemus
1009 2373 1169 2459 suspicari
1201 2375 1258 2459 qui
1285 2385 1418 2459 rogetur
1445 2377 1486 2439 de

342 2475 540 2564 patrimonio
567 2484 714 2561 sumptus
743 2473 909 2538 faciendos
942 2473 1145 2537 committere
1175 2474 1300 2558 gratiae
1333 2479 1485 2562 petentis,

343 2580 409 2643 nisi
439 2577 582 2666 praedae
614 2575 862 2663 compendiique
894 2575 963 2638 cius
992 2596 1091 2638 causa
1118 2575 1240 2639 iudicet
1273 2575 1485 2642 faciundum?

303 2699 321 2748 6
342 2682 454 2767 itaque
475 2678 613 2743 maiores
635 2679 775 2766 primum
796 2699 816 2740 a
838 2698 957 2763 genere
987 2675 1133 2762 probatis
1162 2697 1292 2762 operam
1314 2677 1486 2744 tradebant

340 2781 546 2863 architectis,
569 2779 688 2845 deinde
710 2777 909 2866 quaerebant
932 2779 959 2841 si
981 2777 1117 2841 honeste
1140 2786 1247 2841 essent
1269 2777 1413 2861 educati,
1437 2782 1485 2843 in-
1504 2796 1537 2843 ao

340 2905 448 2971 genua
469 2882 588 2972 pudori
608 2903 673 2947 non
694 2880 851 2946 audaciae
873 2879 1095 2967 protervitatis
1117 2876 1384 2943 committendum
1399 2880 1483 2944 iudi-

341 2994 465 3051 cantes.
502 2985 567 3073 ipsi
588 2993 698 3049 autem
719 2983 860 3049 artifices
883 3004 947 3046 non
970 2979 1163 3045 erudiebant
1184 2981 1250 3044 nisi
1272 3001 1347 3044 suos
1363 2980 1483 3046 liberos

339 3097 398 3153 aut
419 3096 575 3173 cognatos
598 3096 630 3150 et
646 3105 700 3151 eos
715 3086 804 3150 viros
818 3083 922 3149 bonos
937 3082 1163 3163 instituebant,
1186 3081 1304 3167 quibus
1320 3091 1483 3148 tantarmn

338 3211 449 3256 rerum
471 3188 550 3253 fidei
571 3188 726 3277 pecuniae
749 3188 819 3251 sine
841 3184 1046 3249 dubitatione
1067 3183 1342 3270 permitterentur.
1546 3253 1548 3264 Ι

425 3289 511 3356 (lum
532 3300 642 3354 autem
662 3288 888 3353 animadverto
918 3286 960 3350 ab
982 3285 1123 3351 indoctis
1147 3294 1179 3349 et
1201 3285 1350 3371 inperitis
1374 3293 1483 3349 tantae
1500 3305 1533 3352 as

338 3391 535 3481 disciplinae
567 3390 827 3477 magnitudinem
857 3390 987 3471 iactari,
1023 3397 1055 3451 et
1082 3386 1124 3451 ab
1152 3387 1181 3451 is
1212 3388 1267 3473 qui
1294 3409 1358 3451 nen
1386 3386 1482 3452 modo

337 3492 577 3560 architecturae
599 3491 658 3557 scd
677 3493 808 3556 omnino
824 3512 865 3554 ne
879 3489 1024 3553 fabricae
1039 3489 1171 3575 quidem
1185 3490 1335 3553 notitiam
1349 3488 1481 3572 habent,

335 3619 403 3662 nen
425 3617 559 3684 possum
585 3616 651 3659 non
672 3593 806 3661 laudare
833 3601 942 3678 patres
972 3589 1169 3655 familiarum
1198 3613 1253 3655 ees
1281 3592 1336 3676 qui
1358 3590 1481 3655 littera-

336 3708 431 3764 turae
452 3697 573 3762 fiducia
595 3695 776 3762 confirmati
803 3716 862 3781 per
888 3715 923 3756 se
949 3691 1159 3755 aedificantes
1186 3693 1233 3755 ita
1259 3690 1422 3774 iudicant,
1454 3694 1481 3757 si

406 3991 421 4041 1
439 3990 560 4041 fructum
576 3994 636 4039 ante
653 4003 721 4041 eurr·⁸
741 3987 763 4037 Θ
785 3984 847 4050 (nen
863 3983 908 4052 E).
932 3980 944 4051 ΙΙ
971 3982 1063 4034 nullas
1151 3982 1332 4033 necessitates
1352 3982 1400 4032 EG
1419 3982 1479 4045 (L):

335 4073 415 4127 nulla
434 4110 483 4125 ...
501 4073 684 4124 necessitates
702 4073 730 4123 H
747 4072 802 4136 (le).
822 4066 834 4137 ΙΙ
857 4073 872 4120 ‘2
891 4069 1010 4120 maxime
1028 4066 1096 4118 nihil
1115 4065 1277 4118 desiderat&
1294 4073 1353 4115 ante
1371 4083 1439 4116 corr.
1455 4068 1479 4115 Ε

335 4159 399 4224 (aaa
419 4158 454 4219 0,
474 4158 591 4208 maxime
614 4157 637 4207 si
655 4154 725 4206 nihil
747 4154 902 4206 desiderare
928 4153 985 4218 Ec).
1009 4149 1022 4220 {l
1045 4157 1060 4203 3
1082 4155 1182 4218 putant
1200 4167 1247 4202 eos
1270 4152 1323 4200 ed:
1349 4156 1478 4215 putentes

336 4242 442 4310 σοΙΗ,
462 4246 594 4310 putantes
612 4256 659 4293 eos
678 4241 726 4291 EG
750 4237 828 4305 (Lte).
855 4236 867 4305 ΙΙ
894 4240 1062 4304 4pleri1quc
1081 4238 1106 4287 E
1129 4236 1190 4301 (aea
1210 4234 1250 4299 Θ).
1275 4229 1287 4300 ΙΙ
1314 4237 1329 4284 9
1353 4237 1478 4286 notities:

333 4331 374 4381 εἰσ
391 4329 472 4380 ΕΘΗ
489 4324 532 4392 (lc,
550 4326 664 4378 notitias
681 4327 713 4385 L,
732 4327 807 4376 -tia
826 4326 881 4387 Le),
905 4321 917 4389 ΙΙ
942 4326 972 4374 10
991 4324 1076 4372 etiam
1093 4321 1226 4387 pesterisr
1244 4321 1282 4368 sie
1299 4319 1384 4369 ΕΘΗ.
1408 4316 1419 4385 ll
1448 4323 1477 4369 ta

336 4413 464 4466 ambiunt
483 4412 542 4463 EG:
561 4412 705 4477 ambigunt
721 4411 750 4460 H
769 4410 849 4476 (Lle).
873 4406 884 4475 Η
907 4407 1125 4457 architectentur
1142 4408 1197 4457 ed:
1222 4403 1407 4453 architectum
1431 4405 1477 4454 ΕΘ

336 4497 402 4562 (Le),
422 4497 610 4549 architentent
622 4497 651 4546 II
668 4493 729 4560 (rh).
750 4490 762 4561 ΙΙ
783 4496 813 4543 17
832 4493 951 4559 petentis
964 4492 1001 4540 L:
1026 4494 1152 4555 petentes
1171 4486 1322 4553 (patientes
1341 4488 1379 4550 Η)
1399 4489 1476 4538 ΕΘΗ

335 4582 394 4648 (lc).
418 4579 431 4650 ΙΙ
454 4584 486 4634 18
505 4579 664 4632 faciundum
682 4582 711 4629 II
728 4577 813 4643 (Llc):
832 4576 988 4628 faciendum
1004 4575 1058 4625 ΕΘ.
1079 4570 1091 4640 ΙΙ
1116 4576 1146 4623 19
1159 4588 1285 4637 operam:
1303 4575 1341 4622 sie
1354 4574 1426 4634 (—u's
1440 4574 1475 4636 Ε)

335 4667 425 4718 ΕΘΗ.
449 4663 462 4734 ΙΙ
483 4668 518 4717 20
535 4665 654 4731 ingenue
678 4664 741 4715 GH:
765 4665 875 4727 ingenio
893 4662 917 4711 Ε
942 4659 1020 4723 (lde).
1044 4654 1056 4725 ΙΙ
1079 4660 1112 4708 at
1135 4657 1211 4707 fidei:
1239 4659 1276 4707 sic
1299 4649 1384 4706 ΕΘΗ.
1409 4653 1420 4723 ΙΙ
1444 4659 1476 4707 ‘26

333 4754 373 4801 is:
392 4751 436 4803 his
456 4750 540 4806 ΕΘΗ.
562 4746 577 4818 ll
597 4751 630 4803 28
648 4748 829 4800 familiarum:
846 4750 884 4797 sie
902 4741 988 4799 ΕΘΗ.
