3984 5825
515 645 575 710 146
1003 661 1161 708 vrrauvn

512 823 724 900 comparatae,
749 814 835 898 quod
857 815 891 876 in
914 813 1065 878 domibus
1089 837 1198 878 eorum
1221 815 1350 899 saepius
1374 823 1406 877 et
1428 812 1559 899 publica
1583 835 1658 876 con-

511 915 585 979 silia
613 925 645 979 et
668 916 797 1001 privata
819 916 941 979 iudicia
963 916 1161 1002 arbitriaque
1185 916 1419 980 conficiuntur..
1454 937 1531 1000 ergo
1555 916 1584 978 si
1607 915 1660 977 his
1680 930 1695 976 3

510 1018 690 1081 rationibus
725 1017 768 1080 ad
801 1016 1003 1101 singulorum
1035 1039 1191 1102 generum
1224 1039 1395 1103 personas,
1428 1018 1478 1080 uti
1510 1019 1550 1092 in,
1572 1016 1660 1079 libro

510 1118 615 1205 primo
644 1117 684 1180 de
713 1116 828 1181 decore
856 1128 905 1183 est
928 1120 1101 1206 seriptum,
1130 1119 1177 1182 ita
1199 1118 1358 1205 disposita
1381 1128 1475 1182 erunt
1497 1117 1659 1199 aedificia,

476 1236 575 1284 enon
602 1221 664 1282 erit
687 1219 773 1304 quod
794 1220 1062 1305 reprehendatur.
1105 1219 1272 1284 habebunt
1299 1222 1385 1283 enim
1406 1219 1449 1282 ad
1472 1241 1583 1283 omnes
1606 1239 1660 1281 res

511 1320 695 1386 commodas
723 1330 755 1385 et
783 1322 970 1386 emendatas
994 1320 1242 1408 explicationes.
1287 1343 1397 1385 earum
1419 1330 1528 1384 autem
1549 1341 1660 1382 rerum

509 1445 574 1487 non
607 1423 711 1487 solum
744 1433 838 1487 erunt
863 1425 899 1486 in
927 1424 1008 1487 urbe
1034 1422 1255 1489 aedificiorum
1282 1423 1439 1504 rationes,
1468 1423 1526 1486 sed
1558 1423 1659 1486 etiam

508 1527 591 1606 ruri,
619 1535 847 1611 praeterquam
876 1517 962 1610 quod
990 1527 1025 1588 in
1048 1524 1126 1588 urbe
1148 1525 1231 1625 atria
1252 1525 1402 1611 proxima
1423 1525 1529 1588 ianuis
1552 1522 1661 1587 solent

510 1649 596 1706 esse,
630 1626 699 1690 ruri
734 1636 843 1689 autem
875 1625 1133 1713 pseudourbanis
1167 1626 1278 1689 statim
1312 1624 1501 1712 peristylia,
1536 1623 1660 1687 deinde

424 1738 429 1799 t
460 1743 492 1790 10
510 1739 588 1793 tune
615 1729 700 1791 atria
722 1727 877 1791 habentia
899 1729 1021 1791 circum
1042 1729 1186 1813 porticus
1209 1730 1448 1814 pavimentatas
1461 1735 1660 1814 ‚spectantes

249 1822 397 1918 ,blado
428 1879 432 1894 .
509 1828 552 1892 ad
575 1829 754 1915 palaestras
778 1839 810 1893 et
832 1827 1079 1916 amlfflklffldsss·

277 1928 299 1946 ““
397 1928 400 1933 ’
503 1962 510 1979 ι
594 1930 713 2010 Quoad
745 1914 1009 2016 potui'urbanas
1042 1933 1185 1996 rationes
1212 1930 1435 1995 aedificiorum
1469 1930 1660 1994 summatim

453 2045 491 2092 lx
508 2031 728 2117 perscribere,
757 2034 927 2118 proposui,
956 2055 1042 2096 nunc
1064 2033 1256 2096 rusticorum
1281 2032 1507 2120 expeditiones
1530 2040 1568 2094 ut
1591 2032 1661 2094 sint

509 2133 551 2195 ad
581 2155 676 2196 usum
699 2133 867 2198 commoda
896 2133 1079 2220 quibusque
1107 2133 1290 2198 rationibus
1318 2132 1485 2198 conlocare
1507 2140 1661 2218 oporteat

458 2249 489 2297 15
508 2256 546 2297 ea
567 2233 684 2296 dicam.
1459 2288 1462 2293 .

593 2335 740 2397 Primum
773 2335 815 2396 de
848 2334 1095 2400 salubritatibus
1102 2386 1111 2419 ,
1145 2338 1194 2401 uti
1226 2337 1260 2399 in
1286 2336 1391 2423 primo
1418 2332 1586 2397 volumine
1615 2333 1660 2396 de
1680 2351 1739 2414 (VI)

507 2437 676 2500 moenibus
706 2435 913 2500 conlocandis
943 2439 1099 2523 scriptum
1128 2446 1192 2517 est,
1221 2437 1370 2521 regiones
1397 2436 1602 2522 aspiciantur
1624 2444 1660 2510 et

406 2585 410 2590 .
507 2538 554 2600 ita
576 2535 675 2599 villae
698 2536 916 2601 conlocentur.
966 2538 1209 2622 magnitudines
1233 2560 1342 2601 earum
1363 2535 1406 2599 ad
1428 2536 1561 2600 modum
1583 2539 1660 2620 agri

474 2672 478 2680 ·
509 2640 684 2724 copiasque
717 2637 879 2703 fructuum
913 2650 1150 2724 comparentur.
1210 2650 1315 2705 cortes
1347 2638 1660 2724 magnitudinesque

458 2757 492 2804 20
511 2761 620 2803 earum
653 2738 697 2802 ad
729 2761 882 2826 pecorum
913 2762 1084 2804 numerum
1111 2749 1208 2825 atque
1236 2750 1314 2826 quot
1341 2742 1420 2823 iuga
1447 2738 1545 2803 boum
1573 2762 1658 2827 opus

508 2840 610 2903 fuerit
636 2840 685 2903 ibi
708 2843 850 2924 versari,
881 2843 927 2905 ita
949 2841 1113 2906 finiantur.
1157 2843 1302 2906 incerte
1325 2839 1552 2928 culinaquam
1576 2840 1657 2904 eali-

509 2942 644 3007 dissimo
677 2941 747 3006 loeo
783 2944 987 3028 designetur,
1023 2946 1195 3009 coniuncta
1228 2952 1336 3008 autem
1368 2941 1488 3007 habeat
1515 2940 1657 3025 bubilia,

508 3067 644 3131 quorum
671 3046 843 3131 praesepia
869 3045 912 3107 ad
938 3045 1047 3109 focum
1075 3054 1107 3109 et
1133 3047 1268 3109 orientis
1291 3042 1372 3108 caeli
1393 3045 1560 3129 regionem
1582 3066 1657 3131 spe-

509 3155 613 3228 ctent,
654 3144 728 3209 ideo
763 3146 850 3231 quod
886 3146 986 3211 boves
1021 3145 1130 3210 lumen
1163 3158 1194 3209 et
1227 3148 1336 3230 ignem
1369 3146 1546 3233 spectando
1579 3146 1657 3217 hor:-

456 3260 490 3307 26
507 3246 574 3308 ridi
595 3268 679 3332 non,
692 3246 785 3308 fiunt.
835 3248 914 3310 item
936 3246 1101 3331 agricolae
1122 3248 1290 3331 regionum
1317 3248 1416 3333 periti
1443 3270 1509 3312 non
1535 3256 1658 3333 putant
1695 3266 1702 3281 '

507 3355 657 3431 oportere
678 3344 776 3409 aliam
798 3349 963 3431 regionem
986 3347 1068 3412 caeli
1089 3348 1191 3412 boves
1215 3357 1363 3434 spectare
1384 3348 1450 3411 nisi
1472 3357 1579 3411 ortum
1602 3371 1656 3412 so-

508 3444 559 3508 lis.
593 3444 754 3510 bubilium
775 3458 882 3511 autem
905 3448 1027 3513 debent
1048 3472 1119 3513 esse
1141 3447 1330 3513 latitudines
1352 3451 1575 3513 necminores
1598 3471 1693 3535 pe-2

508 3545 586 3608 dum
614 3545 733 3609 denum
761 3570 822 3611 nec
848 3551 986 3614 maiores
1000 3544 1224 3637 quindenum,
1251 3548 1422 3633 longitudo
1449 3551 1499 3614 uti
1521 3551 1658 3635 singula

507 3647 586 3729 iuga
607 3668 647 3709 ne
668 3649 776 3713 minus
799 3662 956 3736 occupent
977 3652 1078 3737 pedes
1100 3662 1262 3739 septenos.
1294 3649 1553 3715 balneariaitem
1576 3674 1654 3716 con·

575 3854 591 3900 2
610 3850 792 3902 conficiuntur
805 3850 889 3917 (-t⁹)
902 3856 932 3903 H
944 3855 1014 3917 (-t²
1033 3858 1082 3921 lc):
1101 3858 1250 3908 conficiunt
1261 3858 1282 3907 G
1292 3856 1348 3923 (L).
1365 3854 1376 3921 ΙΙ
1393 3859 1409 3906 9
1421 3861 1514 3907 autem
1525 3855 1590 3919 (scil.
1603 3858 1655 3923 air)

508 3934 741 4000 Miller-Strabtap
754 3934 830 3998 (vero
847 3938 930 4001 Joc.):
949 3940 984 3989 ab
1000 3942 1050 3990 GH
1062 3941 1107 4005 (lc,
1128 3958 1145 3991 a
1156 3942 1201 4006 L).
1217 3938 1230 4006 ll
1247 3944 1279 3991 10
1289 3942 1494 4005 pavimentatas
1511 3942 1583 3993 doe:
1602 3958 1656 4007 pa-

507 4020 631 4069 vimenta
650 4020 709 4070 GH.
725 4016 738 4085 ΙΙ
755 4025 785 4070 11
805 4021 1014 4075 ambulationes.
1036 4024 1112 4075 UIII.
1137 4027 1197 4087 Quo
1217 4024 1341 4088 adpotui:
1365 4027 1403 4073 sic
1421 4027 1444 4075 G
1461 4024 1526 4087 (cum
1543 4029 1656 4090 capituli

507 4119 609 4153 nmero
618 4111 720 4153 semote
730 4110 757 4153 ut
767 4122 794 4169 p.
804 4109 846 4163 29,
859 4110 895 4155 24
906 4114 932 4156 et
943 4110 969 4157 in
981 4112 1066 4173 prima
1076 4116 1153 4173 parre
1165 4112 1181 4158 Ι.
1192 4106 1228 4172 Ι).
1245 4104 1258 4174 ΙΙ
1275 4111 1306 4157 13
1319 4110 1492 4173 perscribere
1503 4112 1653 4175 proposui:

506 4187 545 4234 sic
564 4187 622 4236 GH.
649 4184 662 4252 ΙΙ
689 4189 878 4251 expeditiones
896 4192 977 4244 Part:
1002 4208 1100 4241 ——num
1120 4193 1177 4242 GH.
1202 4190 1214 4257 ΙΙ
1238 4194 1269 4240 14
1282 4193 1423 4242 commoda
1446 4193 1537 4242 Sclm:
1559 4194 1652 4244 -dae

509 4265 588 4329 (-de
609 4271 640 4333 G)
661 4271 719 4318 GH.
740 4268 754 4337 ΙΙ
777 4274 809 4321 15
828 4289 862 4322 ea
880 4274 970 4327 Selia:
989 4290 1038 4324 eas
1058 4276 1117 4326 GH.
1140 4272 1153 4339 ss
1176 4276 1207 4324 18
1220 4274 1358 4325 admalmn
1374 4284 1435 4326 ante
1451 4293 1507 4328 ras.
1526 4278 1555 4327 G.
1580 4275 1594 4344 [l
1617 4281 1653 4329 19

507 4349 627 4400 fructum
646 4352 675 4401 G.
699 4350 711 4419 ΙΙ
734 4354 844 4406 chortes
864 4358 923 4408 GH.
945 4353 958 4421 ΙΙ
981 4360 1151 4422 aequata:
1170 4360 1240 4422 quod
1260 4360 1312 4409 GH
1328 4358 1382 4422 (la).
1402 4356 1415 4425 ΙΙ
1437 4362 1469 4409 21
1488 4362 1653 4413 institerit

508 4434 613 4482 inerint
631 4435 689 4486 GH.
712 4432 725 4500 ΙΙ
748 4438 842 4489 chorte
863 4440 922 4490 GH.
941 4437 954 4505 ΙΙ
974 4443 1008 4489 22
1026 4441 1186 4505 designetur
1209 4444 1244 4492 G:
1266 4440 1426 4508 desilnetnr
1448 4444 1478 4491 H
1496 4442 1662 4506 (desinetur'

509 4513 577 4578 Ltr).
592 4513 605 4581 ΙΙ
620 4520 655 4567 25
666 4517 734 4567 fiunt
745 4521 774 4567 H
786 4517 869 4586 (Lle):
887 4522 957 4573 fiant
970 4524 1001 4575 G.
1016 4520 1030 4589 Ι]
1046 4525 1128 4588 periti
1140 4526 1219 4579 Part:
1238 4528 1351 4591 inperiti
1364 4528 1421 4579 GH.
1438 4524 1452 4593 ΙΙ
1467 4531 1500 4578 27
1511 4528 1653 4580 bunilium

511 4596 561 4644 GH
579 4597 620 4661 (lc,
638 4600 769 4650 —bilium
788 4603 867 4667 G0L).
890 4602 903 4670 ΙΙ
923 4608 956 4656 28
972 4607 1006 4657 V.
1025 4607 1127 4656 denum·
1135 4608 1187 4658 GH
1204 4609 1284 4674 (Llc).
1303 4607 1317 4675 ΙΙ
1336 4612 1370 4661 29
1387 4626 1440 4661 nec
1453 4613 1544 4663 minus
1561 4613 1651 4679 pedes

509 4686 645 4742 occupent
665 4689 795 4746 septenos
816 4687 892 4736 labet
914 4691 1110 4741 additamentam
1132 4691 1178 4754 (ea
1199 4693 1325 4757 Vitruvio)
1343 4698 1468 4760 epitomae
1485 4702 1511 4747 in
1531 4697 1562 4749 G.
