3984 5825
758 665 805 712 nn
828 664 1095 714 sacurrncruaa
1119 666 1188 713 nus.
1213 667 1259 714 rx.
1517 652 1580 721 233

433 821 562 904 torique
585 840 627 881 ex
648 816 824 903 astrologia
846 826 1149 905 parapegmatorum
1178 820 1362 908 disciplinis
1385 822 1580 889 invenerunt

435 930 467 984 et
491 942 546 983 eas
569 920 709 1007 posteris
733 919 911 1007 explicatas
934 919 1145 1006 reliquerunt.
1182 944 1319 1008 quorum
1334 923 1489 987 scientiae
1504 933 1580 988 sunt

435 1021 624 1086 hominibus
652 1020 895 1108 suspiciendae,
925 1021 1011 1108 quod
1040 1031 1130 1087 tanta
1158 1046 1235 1088 cura
1263 1024 1394 1088 fuerunt
1423 1037 1458 1089 ut
1482 1026 1579 1089 etiam

436 1123 612 1188 videantur
635 1121 748 1186 divina
769 1132 878 1188 mente
900 1124 1143 1211 tempestatium
1172 1124 1374 1210 significatus
1398 1134 1471 1214 post
1493 1126 1579 1191 futu·

435 1249 490 1291 ros
511 1235 589 1290 ante
610 1226 831 1313 pronuntiare.
870 1246 950 1311 quas
973 1224 1015 1290 ob
1037 1247 1088 1288 res
1111 1224 1190 1291 haec
1212 1248 1322 1294 eorum
1345 1230 1431 1294 curis
1447 1227 1579 1294 studiis·
1598 1244 1614 1293 5

436 1349 500 1415 que
522 1335 598 1392 sunt
620 1325 838 1391 concedenda.

357 1437 421 1502 Vll)
521 1428 627 1494 Nobis
649 1438 757 1493 autem
779 1429 822 1493 ab
845 1428 896 1494 his
924 1430 1124 1517 separandae
1153 1440 1228 1496 sunt
1255 1432 1397 1497 rationes
1421 1442 1453 1496 et
1476 1431 1578 1519 expli·
1598 1445 1665 1497 V111

436 1529 562 1598 candae
574 1539 758 1596 menstruae
775 1529 902 1596 dierum
913 1530 1087 1597 brevitatis
1104 1533 1248 1620 itemque
1264 1532 1476 1599 dilatationis
1491 1556 1579 1597 nam-

436 1655 501 1721 que
523 1631 574 1697 sol
594 1631 824 1722 aequinoctiali
847 1642 991 1720 tempore
1013 1635 1114 1698 ariete
1136 1631 1284 1720 libraque
1306 1635 1477 1718 versando,
1501 1658 1580 1722 quas

437 1752 455 1799 e
484 1757 645 1821 gnomone
672 1743 781 1822 partes
810 1734 908 1799 habet
935 1757 1069 1818 novem,
1103 1757 1156 1800 eas
1184 1736 1320 1801 umbrae
1347 1736 1427 1801 facit
1456 1754 1519 1801 vl11
1547 1738 1633 1802 iulo

436 1836 657 1903 declinatione
684 1835 766 1901 caeli
794 1857 876 1923 quae
904 1846 954 1901 est
975 1838 1108 1902 Romae.
1152 1838 1295 1923 itemque
1316 1837 1457 1902 Athenis
1485 1861 1581 1924 quam

436 1960 576 2024 magnae
598 1948 674 2003 sunt
700 1941 871 2024 gnomonis
901 1948 1010 2026 partes
1039 1947 1208 2025 quattuor,
1237 1938 1372 2004 umbrae
1399 1949 1475 2004 sunt
1504 1949 1581 2024 tres,

435 2040 481 2105 ad
503 2059 554 2106 vu
569 2040 686 2107 Rhodo
700 2058 734 2122 v,
756 2040 800 2104 ad
822 2058 858 2104 xl
874 2040 1008 2106 Tarenti
1024 2058 1071 2123 rx,
1094 2040 1136 2103 ad
1159 2043 1303 2128 quinque
1318 2031 1583 2125 <Alexandriae>'

436 2153 522 2224 tres,
551 2143 739 2231 ceterisque
762 2142 911 2207 omnibus
933 2140 1014 2208 locis
1036 2141 1120 2207 aliae
1140 2142 1205 2206 alio
1227 2143 1324 2208 modo
1346 2142 1481 2208 umbrae
1502 2166 1581 2229 gno·

437 2267 571 2310 monum
592 2241 844 2331 aequinoctiales
866 2266 886 2307 a
906 2253 1022 2311 natura
1036 2265 1143 2309 rerum
1159 2245 1370 2310 inveniuntur
1385 2246 1581 2334 disparatae.
1602 2261 1633 2309 15

404 2347 550 2435 riteque
578 2348 612 2411 in
640 2337 898 2434 quibuscumque
924 2345 1002 2410 loeis
1031 2345 1199 2432 horologia
1232 2355 1326 2412 erunt
1354 2345 1581 2432 describenda,

437 2471 478 2512 eo
499 2448 564 2514 loci
586 2449 742 2514 sumenda
765 2456 813 2519 est
835 2447 1080 2536 aequinoctialis
1103 2448 1228 2531 umbra,
1252 2459 1283 2514 et
1306 2449 1333 2514 si
1357 2458 1451 2515 erunt
1473 2472 1581 2537 quem-

438 2549 615 2616 admodum
637 2551 759 2615 Romae
781 2551 950 2635 gnomonis
978 2557 1087 2636 partes
1109 2573 1243 2634 novem,
1272 2551 1408 2616 umbrae
1436 2559 1582 2636 octonae,

440 2651 644 2718 describatur
670 2651 756 2716 linea
788 2650 924 2740 planitia
952 2661 984 2716 et
1013 2674 1029 2715 e
1057 2651 1166 2716 media
1194 2673 1278 2735 προς
1295 2659 1411 2736 ,optus
1438 2656 1583 2739 erigatur

440 2763 477 2818 ut
499 2755 541 2819 sit
563 2754 606 2818 ad
628 2776 773 2819 normam
795 2775 879 2840 quae
901 2754 1023 2818 dicitur
1043 2775 1196 2839 gnomon,
1220 2762 1252 2817 et
1273 2776 1292 2817 a
1315 2754 1400 2818 linea
1423 2755 1582 2841 quaeerit
1600 2773 1633 2819 20

441 2853 577 2943 planitia
599 2856 633 2921 in
655 2854 742 2922 linea
762 2856 932 2943 gnomonis
955 2855 1076 2921 circino
1089 2876 1215 2920 novem
1231 2856 1337 2942 spatia
1352 2855 1580 2939 demetiantur,

511 3117 524 3164 1
544 3113 698 3181 disciplinis
715 3100 788 3169 lon:
806 3131 891 3166 —nas
909 3115 995 3166 EGH.
1014 3111 1056 3183 Η3
1075 3113 1159 3178 quod:
1180 3114 1245 3178 quin
1264 3114 1295 3163 E.
1313 3109 1357 3181 Η4
1375 3114 1582 3179 tempestatium

443 3200 471 3250 H
485 3198 578 3263 (Lei):
596 3206 687 3251 -tum
702 3202 750 3253 EG
768 3199 794 3263 (l,
804 3207 831 3250 ut
841 3217 922 3267 supra
930 3218 958 3266 p.
976 3204 1036 3258 232,
1054 3204 1091 3250 23
1108 3197 1213 3262 omnes).
1226 3196 1238 3265 Η
1250 3197 1423 3265 significatus
1436 3200 1490 3249 eda
1506 3204 1582 3250 -tos

446 3284 529 3336 EGH.
554 3281 565 3352 Η
587 3288 601 3335 i
620 3291 648 3336 et
665 3286 727 3339 EG:
746 3303 792 3337 om.
811 3287 842 3335 H
853 3275 932 3351 (Lic)‘.
955 3281 967 3352 Η
991 3288 1007 3336 8
1026 3284 1171 3336 brevitatis
1190 3299 1248 3349 epo:
1267 3290 1345 3334 -tes
1364 3282 1449 3333 ΕΘΗ.
1469 3278 1480 3348 Η
1504 3283 1581 3333 item·

444 3384 496 3433 qne
509 3371 581 3421 loa:
599 3369 724 3435 idemque
737 3370 822 3421 ΕθΗ.
843 3366 856 3437 Η
878 3369 1059 3420 dilatationes
1077 3370 1146 3419 Mar.
1168 3368 1255 3432 (—nIs
1267 3366 1339 3434 epo):
1359 3367 1583 3434 depalatstiones

446 3454 499 3517 Εᾷ,
517 3454 707 3520 depalationes
726 3455 752 3504 H
770 3453 850 3519 (Llc).
871 3449 884 3520 Η
910 3457 941 3505 10
963 3468 1115 3520 egnomoue
1133 3454 1218 3503 EGH.
1243 3449 1255 3520 Η
1276 3453 1362 3504 habet
1383 3453 1452 3505 lon:
1480 3453 1585 3503 habent

445 3538 529 3592 EGH.
554 3535 566 3606 Η
587 3540 668 3590 VIII:
686 3540 723 3589 sic
740 3539 827 3590 ΕΘΗ.
844 3535 856 3604 Η
875 3541 903 3588 11
924 3541 1043 3603 itemque
1056 3539 1110 3590 eda
1129 3536 1254 3604 idemque
1268 3539 1353 3590 EGH.
1379 3535 1391 3605 Η
1414 3554 1495 3604 quam
1513 3541 1582 3589 loc:

445 3638 515 3687 quse
539 3625 602 3690 (quq
626 3622 657 3686 G)
682 3624 768 3673 EGH.
791 3619 803 3688 Η
832 3625 863 3673 12
886 3623 942 3673 1111
1027 3623 1070 3673 III
1093 3622 1150 3677 EG.
1173 3619 1185 3690 Η
1209 3624 1241 3674 13
1263 3624 1395 3690 adquinq3
1417 3625 1463 3675 11.
1483 3622 1529 3687 (sd
1553 3625 1584 3673 V.

445 3707 560 3773 nno)
577 3708 673 3776 rhodo
700 3705 850 3773 XV.(lH)
873 3708 1014 3758 adtaranti
1037 3709 1094 3762 ‚XL
1119 3707 1255 3771 (undecim
1280 3708 1315 3773 Ε)
1344 3710 1438 3775 quinq3
1462 3708 1584 3773 (VM)

445 3793 538 3843 adtres
557 3789 696 3859 (HLEG)
716 3792 793 3843 EGH
816 3791 1025 3858 (quaesomus
1046 3794 1115 3851 Joc„
1139 3794 1225 3858 aptius
1247 3796 1378 3844 collocavit
1400 3791 1491 3855 Man).
1517 3788 1528 3858 Η
1554 3795 1585 3842 14

446 3876 614 3943 ceterisque:
634 3877 771 3941 terrisque
790 3877 846 3937 136,
865 3879 1032 3943 coterrisque
1051 3878 1079 3927 11
1091 3876 1135 3941 (Ε,
1153 3879 1201 3928 red
1216 3892 1297 3942 supra
1315 3878 1352 3928 L⁰
1364 3881 1583 3942 eqterrsque=u

446 3962 619 4026 coeterisque
638 3963 667 4026 i).
689 3958 702 4028 Η
724 3962 794 4012 locis
812 3961 862 4011 Eo*
880 3960 951 4025 (L⁶):
975 3962 1046 4013 lonis
1070 3958 1099 4011 'Il
1116 3961 1188 4024 (Llc,
1212 3962 1283 4011 ionis
1301 3960 1337 4024 l).
1361 3956 1373 4025 Η
1396 3962 1428 4010 15
1452 3964 1582 4012 enatura:

444 4050 481 4097 sic
499 4046 586 4099 EGH.
608 4042 621 4112 Η
645 4047 676 4096 16
694 4046 788 4111 itaque
806 4047 848 4097 in:
873 4047 912 4097 sie
929 4046 1014 4096 EGH.
1040 4043 1052 4112 Η
1076 4048 1106 4096 18
1128 4046 1270 4111 gnomonis
1288 4045 1366 4095 EGH
1383 4041 1429 4109 (L,
1448 4045 1585 4110 gnominis

446 4135 462 4193 i,
480 4131 600 4182 nominis
619 4138 644 4181 et
662 4132 702 4181 lu'c
720 4137 744 4182 el
767 4132 838 4194 iufra
861 4149 882 4182 o.
902 4134 934 4181 21
952 4131 1003 4194 cll).
1026 4126 1038 4196 Η
1066 4146 1163 4182 novem
1185 4132 1223 4180 H:
1251 4130 1331 4181 VIIII
1353 4129 1409 4179 Εθ.
1432 4124 1445 4194 Η
1468 4134 1584 4180 octonae

445 4218 515 4268 loa:
543 4221 698 4282 octogenae
717 4217 802 4267 EGH.
825 4212 838 4282 Η
863 4217 893 4265 19
912 4215 1085 4267 describatur
1107 4215 1184 4266 linea
1207 4215 1234 4264 in
1258 4214 1296 4277 (iu
1319 4230 1365 4264 om.
1384 4212 1441 4277 epo)
1465 4213 1585 4279 planitia

445 4302 513 4352 loa:
533 4301 725 4351 describantur
742 4301 889 4367 inplsnitia
903 4302 931 4350 H
943 4299 1023 4364 (Llc),
1042 4301 1133 4352 -tiae
1149 4301 1178 4358 Ε,
1199 4300 1269 4365 ——tiq
1284 4299 1312 4351 G.
1337 4295 1349 4365 Η
1371 4298 1394 4349 n
1412 4297 1449 4360 (et
1463 4298 1494 4361 G)
1515 4315 1587 4349 ome·

446 4387 492 4437 dIa
511 4383 622 4451 (media,
641 4402 688 4436 om.
709 4402 733 4447 e,
753 4383 789 4451 E)
808 4385 966 4451 prosorthas
989 4382 1114 4449 (perthas
1134 4384 1206 4448 Em:
1228 4386 1265 4433 sie
1288 4383 1373 4434 EGH.
1398 4379 1410 4448 Η
1432 4385 1464 4433 20
1487 4387 1516 4432 ut
1534 4380 1584 4450 sit]

445 4472 492 4521 luc
510 4487 588 4537 arque
606 4470 632 4521 Ε
649 4472 792 4537 quistatim
810 4474 904 4521 transit
925 4473 962 4522 ad
977 4471 1056 4522 uerbo
1073 4470 1132 4520 libri
1148 4471 1232 4520 uzarae
1247 4484 1275 4532 p.
1295 4470 1354 4526 241,
1374 4471 1410 4517 23
1428 4468 1477 4517 sic:
1503 4472 1532 4516 ut
1550 4468 1586 4517 sit

447 4556 481 4605 ad
500 4554 640 4606 brumales
656 4555 784 4605 horarum
802 4555 954 4608 brevitates
974 4544 1020 4609 .‘..
1049 4551 1061 4620 Η
1086 4555 1138 4605 erit
1156 4552 1275 4619 planitia
1294 4550 1334 4614 (in
1353 4550 1470 4617 planitia
1489 4550 1586 4614 Mar.):

448 4640 500 4689 erit
516 4640 650 4705 planities
669 4640 721 4691 GH
738 4639 804 4704 (Lu,
822 4640 955 4707 planitias
973 4647 1032 4690 ante
1044 4655 1113 4694 corr.
1133 4640 1165 4699 L,
1185 4638 1212 4688 iu
1229 4635 1363 4703 planities
1376 4636 1425 4700 cb).
1450 4633 1462 4702 Η
1485 4638 1515 4686 21
1535 4636 1586 4689 cir-

449 4724 509 4777 cino
526 4726 596 4778 Joc.:
617 4725 716 4777 citcini
735 4726 788 4777 GH
803 4725 845 4790 (L,
865 4726 966 4778 circum
984 4723 1027 4792 ic).
