3984 5825
732 669 780 716 nn
801 667 1068 716 sacnrrncruns
1092 669 1162 715 nm.
1187 668 1261 718 vm.
1509 653 1570 721 185

425 848 504 891 vero
531 847 598 889 non
624 822 728 889 salum
755 831 850 909 potus
879 821 938 888 sed
966 822 1111 887 infinitas
1133 845 1194 902 usu
1217 822 1403 909 praebendo
1426 825 1568 888 necessi-

388 945 406 992 4
425 937 521 1010 tates,
537 936 648 1012 gratas
664 923 750 1012 quod
766 934 815 990 est
829 925 972 1011 gratuita
994 933 1139 1011 praestat
1152 922 1322 990 utilitates.
1360 946 1402 988 ex
1417 945 1455 989 eo
1470 927 1568 989 etiam

420 1030 482 1117 *qui
497 1028 681 1093 sacerdotia
694 1037 814 1114 genmt
827 1021 972 1092 moribus
987 1027 1228 1115 Aegyptiorum
1233 1076 1243 1111 ,
1266 1027 1442 1092 ostendunt
1457 1048 1568 1091 omnes

424 1152 478 1194 res
502 1153 521 1194 e
542 1129 677 1217 liquoris
700 1137 861 1217 potestate
883 1129 1073 1194 consistere.
1117 1130 1227 1216 itaque
1249 1151 1322 1193 cum
1344 1128 1464 1215 hydria
1484 1151 1569 1215 aqua

423 1233 469 1296 ad
491 1231 649 1319 templum
669 1231 849 1317 aedemque
870 1240 961 1296 casta
975 1230 1135 1316 religione
1149 1230 1305 1312 refertur,
1327 1240 1405 1295 tuuc
1426 1231 1461 1294 in
1483 1240 1603 1295 terras

424 1334 677 1420 procumbentes
691 1332 843 1398 manibus
856 1332 899 1397 ad
922 1331 1047 1397 caelum
1063 1329 1201 1398 sublatis
1223 1333 1422 1397 inventionis
1445 1333 1569 1417 gratias

423 1445 530 1521 agunt
551 1435 684 1500 divinae
704 1425 913 1520 benignitati.

513 1536 597 1602 Cum
619 1557 695 1622 ergo
717 1546 750 1601 et
776 1558 797 1600 a
818 1536 965 1623 physicis
988 1544 1021 1601 et
1042 1534 1245 1623 philosophis
1269 1544 1302 1600 et
1329 1535 1371 1601 ab
1393 1533 1569 1600 sacerdoti·

424 1637 489 1703 bus
512 1638 675 1703 iudicetur
697 1659 740 1702 ex
761 1646 923 1726 potestate
944 1659 1048 1724 aquae
1070 1659 1181 1705 omnes
1204 1659 1256 1702 res
1272 1647 1431 1721 constare,
1455 1637 1569 1724 putavi

426 1741 582 1826 quoniam
608 1739 645 1803 in
665 1741 829 1826 prioribus
852 1747 977 1826 septem
999 1738 1219 1804 voluminibus
1241 1741 1383 1806 rationes
1405 1738 1568 1804 aedificio·
1589 1752 1620 1801 10

425 1865 500 1906 rum
522 1849 597 1906 sunt
619 1842 803 1928 expositae,
826 1842 860 1904 in
882 1840 944 1905 hoc
966 1849 1115 1927 oportere
1136 1841 1177 1906 de
1199 1841 1445 1906 inventionibus
1466 1861 1570 1926 aquae

427 1965 574 2030 quasque
593 1942 712 2008 habeat
732 1945 768 2007 in
790 1941 934 2007 locorum
954 1941 1208 2029 proprietatibus
1224 1943 1363 2008 virtutes
1386 1942 1569 2029 quibusque

426 2043 609 2111 rationibus
632 2043 769 2110 ducatur
790 2053 823 2108 et
844 2042 1115 2130 quemadmodum
1136 2044 1215 2108 item
1237 2042 1394 2130 probetur
1416 2043 1569 2108 scribere.

430 2157 479 2212 est
501 2148 588 2211 enim
610 2147 751 2212 maxime
771 2145 955 2210 necessaria
977 2153 1009 2210 et
1030 2145 1073 2209 ad
1095 2147 1197 2211 vitam
1220 2145 1315 2211 etad
1337 2145 1569 2235 delectationes

432 2257 463 2313 et
483 2248 530 2328 ad·
548 2271 643 2314 usum
663 2247 871 2314 cotidianum.
1590 2260 1622 2311 15

404 2368 416 2415 1
513 2351 565 2415 Ea
578 2360 687 2416 autem
701 2350 764 2414 erit
784 2349 927 2434 facilior,
950 2350 979 2414 si
1000 2359 1094 2415 erunt
1115 2350 1221 2417 fontes
1242 2351 1348 2439 aperti
1370 2360 1403 2415 et
1423 2349 1570 2417 fluentes.
1592 2363 1605 2412 1

403 2455 482 2518 *sin
508 2462 617 2518 autem
643 2473 710 2517 non
736 2452 913 2540 profluent,
942 2452 1129 2541 quaerenda
1155 2453 1217 2519 sub
1244 2463 1332 2518 terra
1361 2462 1436 2518 sunt
1464 2453 1572 2540 capita

434 2565 463 2621 et
489 2553 684 2641 colligenda.
733 2575 816 2640 quae
838 2555 885 2619 sic
913 2563 1008 2618 erunt
1038 2555 1236 2642 experienda
1261 2556 1312 2621 nti
1340 2553 1571 2643 procumbatur

434 2656 600 2722 indentes
621 2661 796 2742 antequam
823 2653 872 2720 sol
899 2664 1033 2721 exortus
1060 2656 1174 2740 fuerit,
1202 2658 1238 2720 in
1264 2656 1344 2722 locis
1367 2655 1486 2743 quibus
1510 2657 1572 2720 erit

434 2756 668 2849 quaerendum,
690 2766 723 2823 et
744 2758 780 2821 in
799 2766 887 2823 terra
900 2766 1009 2823 mento
1032 2757 1197 2822 conlocato
1213 2766 1244 2821 et
1265 2756 1349 2823 sulto
1370 2759 1570 2845 prospician-
1589 2771 1623 2818 20

434 2869 483 2932 tur
498 2881 556 2927 eae
575 2860 736 2947 regiones.
780 2860 827 2927 sic
849 2859 936 2924 enim
956 2881 1024 2924 non
1046 2858 1168 2924 errabit
1190 2858 1351 2925 excelsius
1367 2881 1464 2946 quam
1478 2881 1570 2946 opor-

431 2971 497 3029 teat
518 2964 629 3046 risus,
659 2984 733 3028 cum
755 2962 817 3028 erit
838 2962 1180 3044 inmotummentum,
1209 2960 1267 3025 sed
1289 2959 1440 3025 libratam
1462 2960 1569 3025 altitu-

431 3066 543 3129 dinem
564 3065 600 3129 in
619 3062 809 3149 regionibus
833 3072 921 3129 certa
941 3064 1089 3129 finitione
1111 3061 1306 3148 designabit.
1350 3071 1428 3126 tunc
1449 3063 1485 3125 in
1500 3063 1569 3147 qui-

428 3164 492 3233 bus
514 3166 594 3232 locis
616 3164 816 3231 videbuntur
836 3186 963 3229 umores
986 3167 1229 3254 concrispantes
1245 3173 1277 3229 et
1297 3165 1333 3229 in
1346 3185 1423 3228 aera
1436 3184 1569 3249 surgen-

429 3277 497 3352 tes,
519 3267 568 3333 ibi
589 3267 743 3333 fodiatur.
784 3267 959 3332 nonenim
979 3269 1116 3333 insieco
1138 3267 1208 3332 loco
1230 3266 1292 3331 hoc
1312 3274 1420 3354 potest
1442 3266 1571 3351 signum
1589 3280 1622 3329 aa

428 3370 514 3436 fieri.
1383 3430 1386 3436 .

379 3478 404 3529 2
515 3471 601 3536 Item
622 3449 947 3535 animadvertendum
963 3479 1013 3537 est
1035 3470 1266 3558 quaerentibus
1288 3491 1406 3557 aquam
1428 3493 1493 3557 quo
1515 3492 1570 3555 ge·

431 3595 508 3638 nere
529 3573 596 3639 sint
614 3571 696 3637 loca.
733 3581 822 3637 certa
844 3574 930 3638 enim
951 3581 1028 3638 sunt
1049 3575 1084 3638 in
1105 3572 1224 3660 quibus
1245 3574 1401 3639 nascitur.
1434 3573 1469 3636 in
1483 3580 1574 3636 creta

431 3677 539 3739 tenuis
568 3683 599 3740 et
626 3666 722 3742 erilis
750 3684 783 3739 et
809 3696 875 3740 non
901 3673 967 3739 alta
994 3683 1045 3739 est
1072 3677 1176 3763 copia.
1220 3696 1258 3739 ea
1280 3677 1343 3741 erit
1364 3697 1429 3740 non
1450 3675 1573 3762 optimo

453 3916 465 3931 Ι
502 3866 516 3914 1
534 3878 598 3915 usn:
615 3865 654 3915 sic
669 3863 756 3917 HGH.
772 3860 785 3930 ΙΙ
804 3867 820 3915 4
837 3864 936 3929 hydria
954 3879 1028 3929 aqua
1045 3880 1105 3928 epo:
1123 3863 1215 3914 hidria
1233 3866 1286 3928 qui
1305 3866 1333 3925 G,
1351 3864 1423 3914 idria
1441 3878 1522 3928 quam
1539 3862 1571 3919 E,

435 3948 531 4013 hydria
554 3962 634 4013 quem
655 3948 688 4000 H
703 3946 757 4013 (ab,
780 3950 832 4015 qui
853 3949 907 4013 LI).
929 3945 942 4016 [Ι
969 3950 985 3999 ὁ
1008 3950 1133 3999 referunt
1154 3949 1179 3997 E
1203 3946 1300 4011 (solua).
1328 3944 1340 4014 ΙΙ
1367 3950 1383 3998 6
1405 3946 1573 4015 inventionis

435 4048 493 4097 eqo:
511 4031 716 4105 inventionibus
734 4031 835 4099 (-nib;
855 4033 883 4091 G,
896 4023 986 4087 -nibt
1005 4032 1041 4097 E)
1055 4033 1142 4103 EGH.
1157 4030 1169 4100 ΙΙ
1184 4036 1200 4085 7
1213 4032 1393 4099 benignitati:
1410 4031 1448 4081 aie
1459 4029 1545 4082 EGH.
1558 4025 1572 4095 ll

434 4112 594 4181 8et(&H)
612 4116 794 4182 philosophis:
812 4117 947 4169 aieEGH.
964 4114 1007 4185 ll⁹
1026 4134 1059 4169 ex
1078 4099 1158 4184 (poti
1169 4118 1230 4168 EG:
1249 4115 1272 4167 dr
1288 4118 1320 4166 H
1335 4115 1384 4180 (eh,
1401 4129 1416 4165 c
1431 4116 1447 4175 l,
1460 4117 1488 4164 et
1500 4110 1570 4179 L).ll

436 4202 467 4250 to
484 4200 513 4249 in
536 4216 584 4253 om.
608 4200 630 4251 G
653 4198 715 4266 (non
732 4200 784 4263 Ε).
812 4197 825 4267 ll
856 4204 886 4252 11
905 4201 1262 4269 aquae-proprietatibus
1285 4217 1331 4255 om.
1355 4200 1388 4249 Ε.
1413 4195 1425 4265 ΙΙ
1453 4201 1485 4249 13
1508 4197 1573 4248 item

436 4303 504 4356 loa:
529 4305 601 4353 inter
622 4284 683 4367 (inf
692 4302 728 4365 Ε)
746 4302 805 4365 EG,
824 4303 889 4354 inte-
904 4304 936 4353 H
951 4301 1038 4367 (blek,
1061 4307 1109 4356 aed
1129 4305 1158 4354 hc
1173 4302 1249 4365 rite).
1278 4299 1290 4368 ΙΙ
1317 4303 1350 4351 14
1372 4300 1572 4351 delectationes

438 4387 461 4436 Ε
478 4384 599 4451 (0⁶Llc):
618 4387 788 4439 delectiones
806 4387 838 4436 Η
851 4395 877 4437 et
894 4394 953 4439 ante
971 4404 1041 4439 corr.
1061 4390 1090 4439 G.
1113 4385 1126 4455 [l
1149 4389 1180 4439 16
1198 4388 1252 4439 erit
1274 4385 1384 4437 facilior
1402 4384 1522 4448 (felicior
1538 4384 1571 4447 lc)

438 4470 575 4523 aierunt:
601 4474 639 4522 cic
661 4472 747 4524 EGH.
774 4468 788 4538 l]
815 4473 847 4521 18
865 4470 1032 4540 colligenda]
1062 4474 1102 4523 hie
1120 4474 1211 4524 desinit
1235 4471 1266 4526 Ε.
1291 4467 1303 4536 ΙΙ
1328 4472 1359 4520 19
1377 4470 1503 4520 indentes
1523 4470 1575 4519 GH

439 4555 478 4618 (lc,
495 4557 625 4608 inuentos
643 4556 686 4621 L).
711 4552 723 4622 ΙΙ
745 4558 778 4607 21
797 4572 847 4607 eae
868 4557 922 4608 GH
936 4557 1001 4622 (hae
1019 4553 1165 4623 11111126
1183 4560 1275 4620 potest
1292 4556 1414 4619 signum:
1432 4558 1469 4605 sic
1488 4554 1547 4604 GH.
1560 4551 1571 4618 ll

438 4640 469 4689 16
485 4639 547 4691 fieri
571 4642 623 4693 GH
639 4638 687 4705 (L,
705 4639 795 4702 videri
811 4640 855 4706 lc).
879 4638 892 4709 ll
912 4644 945 4692 27
964 4652 1065 4707 genere
1085 4641 1139 4696 GH
1153 4639 1200 4705 (L,
1223 4655 1291 4704 gera
1308 4648 1367 4691 ante
1385 4654 1454 4693 corr.
1476 4655 1503 4699 e,
1526 4653 1574 4704 ge-

439 4737 503 4776 nera
521 4728 558 4776 tec
575 4733 600 4777 et
617 4731 676 4776 ante
693 4741 762 4781 corr.
780 4726 803 4785 h,
820 4726 864 4776 nbi
879 4741 981 4792 genere
999 4724 1048 4789 hc).
