<?xml version="1.0" encoding="UTF-8"?>
<!DOCTYPE html PUBLIC "-//W3C//DTD XHTML 1.0 Transitional//EN"
    "http://www.w3.org/TR/xhtml1/DTD/xhtml1-transitional.dtd">
<html xmlns="http://www.w3.org/1999/xhtml" xml:lang="en" lang="en">
 <head>
  <title>
</title>
<meta http-equiv="Content-Type" content="text/html;charset=utf-8" />
  <meta name='ocr-system' content='tesseract 3.04.00' />
  <meta name='ocr-capabilities' content='ocr_page ocr_carea ocr_par ocr_line ocrx_word'/>
</head>
<body>
  <div class='ocr_page' id='page_1' title='image "./vitruviidearchi00strgoog_0232.png"; bbox 0 0 3984 5825; ppageno 0'>
   <div class='ocr_carea' id='block_1_1' title="bbox 566 655 1485 717">
    <p class='ocr_par' dir='ltr' id='par_1_1' title="bbox 566 655 1485 717">
     <span class='ocr_line' id='line_1_1' title="bbox 566 655 1485 717; baseline 0.007 -6"><span class='ocrx_word' id='word_1_1' title='bbox 566 671 568 675; x_wconf 93' lang='lat'>·</span> <span class='ocrx_word' id='word_1_2' title='bbox 654 668 701 712; x_wconf 80' lang='lat' dir='ltr'>mr</span> <span class='ocrx_word' id='word_1_3' title='bbox 724 666 991 715; x_wconf 71' lang='lat' dir='ltr'>aucurrucruun</span> <span class='ocrx_word' id='word_1_4' title='bbox 1015 669 1084 715; x_wconf 80' lang='lat' dir='ltr'>ms.</span> <span class='ocrx_word' id='word_1_5' title='bbox 1101 670 1175 716; x_wconf 84' lang='lat' dir='ltr'>vm.</span> <span class='ocrx_word' id='word_1_6' title='bbox 1424 655 1485 717; x_wconf 79' lang='lat'>211</span> 
     </span>
    </p>
   </div>
   <div class='ocr_carea' id='block_1_2' title="bbox 242 817 1539 2942">
    <p class='ocr_par' dir='ltr' id='par_1_2' title="bbox 242 817 1539 2942">
     <span class='ocr_line' id='line_1_2' title="bbox 332 817 1488 908; baseline 0.006 -29"><span class='ocrx_word' id='word_1_7' title='bbox 332 817 547 898; x_wconf 17' lang='lat' dir='ltr'>faciendum,</span> <span class='ocrx_word' id='word_1_8' title='bbox 580 817 712 882; x_wconf 86' lang='lat' dir='ltr'>lucerna</span> <span class='ocrx_word' id='word_1_9' title='bbox 733 842 871 883; x_wconf 88' lang='lat' dir='ltr'>accensa</span> <span class='ocrx_word' id='word_1_10' title='bbox 893 822 1093 903; x_wconf 80' lang='lat' dir='ltr'>demittatur,</span> <span class='ocrx_word' id='word_1_11' title='bbox 1118 843 1200 907; x_wconf 89' lang='lat' dir='ltr'>quae</span> <span class='ocrx_word' id='word_1_12' title='bbox 1223 821 1251 885; x_wconf 94' lang='lat' dir='ltr'>si</span> <span class='ocrx_word' id='word_1_13' title='bbox 1273 825 1488 908; x_wconf 79' lang='lat' dir='ltr'><strong>permanserit</strong></span> 
     </span>
     <span class='ocr_line' id='line_1_3' title="bbox 327 919 1487 1009; baseline 0.005 -27"><span class='ocrx_word' id='word_1_14' title='bbox 327 921 463 984; x_wconf 84' lang='lat' dir='ltr'>ardens</span> <span class='ocrx_word' id='word_1_15' title='bbox 486 922 557 984; x_wconf 88' lang='lat' dir='ltr'>sine</span> <span class='ocrx_word' id='word_1_16' title='bbox 578 919 723 1007; x_wconf 87' lang='lat' dir='ltr'>periculo</span> <span class='ocrx_word' id='word_1_17' title='bbox 740 921 965 986; x_wconf 86' lang='lat' dir='ltr'>descendetur.</span> <span class='ocrx_word' id='word_1_18' title='bbox 1011 924 1060 985; x_wconf 92' lang='lat' dir='ltr'>sin</span> <span class='ocrx_word' id='word_1_19' title='bbox 1076 931 1185 985; x_wconf 87' lang='lat' dir='ltr'>autem</span> <span class='ocrx_word' id='word_1_20' title='bbox 1201 923 1356 1009; x_wconf 76' lang='lat' dir='ltr'>eripietur</span> <span class='ocrx_word' id='word_1_21' title='bbox 1378 924 1487 988; x_wconf 86' lang='lat' dir='ltr'>lumen</span> 
     </span>
     <span class='ocr_line' id='line_1_4' title="bbox 327 1023 1487 1111; baseline 0.008 -28"><span class='ocrx_word' id='word_1_22' title='bbox 327 1044 366 1083; x_wconf 75' lang='lat' dir='ltr'>a</span> <span class='ocrx_word' id='word_1_23' title='bbox 380 1023 414 1084; x_wconf 93' lang='lat' dir='ltr'>vi</span> <span class='ocrx_word' id='word_1_24' title='bbox 427 1023 573 1111; x_wconf 14' lang='lat' dir='ltr'>&#39;vaporis</span> <span class='ocrx_word' id='word_1_25' title='bbox 597 1031 676 1086; x_wconf 92' lang='lat' dir='ltr'>tunc</span> <span class='ocrx_word' id='word_1_26' title='bbox 698 1024 876 1087; x_wconf 89' lang='lat' dir='ltr'>secundum</span> <span class='ocrx_word' id='word_1_27' title='bbox 899 1035 1034 1109; x_wconf 88' lang='lat' dir='ltr'>puteum</span> <span class='ocrx_word' id='word_1_28' title='bbox 1057 1024 1175 1088; x_wconf 83' lang='lat' dir='ltr'>dextra</span> <span class='ocrx_word' id='word_1_29' title='bbox 1196 1046 1235 1086; x_wconf 89' lang='lat' dir='ltr'>ac</span> <span class='ocrx_word' id='word_1_30' title='bbox 1250 1026 1382 1089; x_wconf 90' lang='lat' dir='ltr'>sinistra</span> <span class='ocrx_word' id='word_1_31' title='bbox 1398 1026 1487 1092; x_wconf 88' lang='lat' dir='ltr'>defo-</span> 
     </span>
     <span class='ocr_line' id='line_1_5' title="bbox 331 1123 1489 1214; baseline 0.005 -29"><span class='ocrx_word' id='word_1_32' title='bbox 331 1123 477 1186; x_wconf 81' lang='lat' dir='ltr'>diantur</span> <span class='ocrx_word' id='word_1_33' title='bbox 504 1125 678 1187; x_wconf 89' lang='lat' dir='ltr'>aestuaria.</span> <span class='ocrx_word' id='word_1_34' title='bbox 723 1127 770 1188; x_wconf 88' lang='lat' dir='ltr'>ita</span> <span class='ocrx_word' id='word_1_35' title='bbox 793 1125 1067 1210; x_wconf 79' lang='lat' dir='ltr'>quemadmodum</span> <span class='ocrx_word' id='word_1_36' title='bbox 1093 1149 1152 1214; x_wconf 90' lang='lat' dir='ltr'>per</span> <span class='ocrx_word' id='word_1_37' title='bbox 1173 1148 1267 1189; x_wconf 92' lang='lat' dir='ltr'>nares</span> <span class='ocrx_word' id='word_1_38' title='bbox 1289 1127 1423 1213; x_wconf 87' lang='lat' dir='ltr'>spiritus</span> <span class='ocrx_word' id='word_1_39' title='bbox 1446 1149 1489 1191; x_wconf 81' lang='lat' dir='ltr'>ex</span> 
     </span>
     <span class='ocr_line' id='line_1_6' title="bbox 326 1225 1522 1315; baseline 0.003 -28"><span class='ocrx_word' id='word_1_40' title='bbox 326 1225 516 1289; x_wconf 71' lang='lat' dir='ltr'>aestuariis</span> <span class='ocrx_word' id='word_1_41' title='bbox 545 1225 805 1311; x_wconf 87' lang='lat' dir='ltr'>dissipabuntur.</span> <span class='ocrx_word' id='word_1_42' title='bbox 856 1248 928 1289; x_wconf 91' lang='lat' dir='ltr'>cum</span> <span class='ocrx_word' id='word_1_43' title='bbox 951 1227 1032 1290; x_wconf 90' lang='lat' dir='ltr'>haec</span> <span class='ocrx_word' id='word_1_44' title='bbox 1054 1229 1101 1290; x_wconf 85' lang='lat' dir='ltr'>sic</span> <span class='ocrx_word' id='word_1_45' title='bbox 1124 1227 1287 1315; x_wconf 86' lang='lat' dir='ltr'>explicata</span> <span class='ocrx_word' id='word_1_46' title='bbox 1313 1227 1435 1292; x_wconf 85' lang='lat' dir='ltr'>fuerint</span> <span class='ocrx_word' id='word_1_47' title='bbox 1457 1239 1522 1293; x_wconf 79' lang='lat' dir='ltr'>eto</span> 
     </span>
     <span class='ocr_line' id='line_1_7' title="bbox 334 1325 1487 1415; baseline 0.005 -27"><span class='ocrx_word' id='word_1_48' title='bbox 334 1325 387 1389; x_wconf 76' lang='lat' dir='ltr'>ad</span> <span class='ocrx_word' id='word_1_49' title='bbox 410 1349 527 1412; x_wconf 89' lang='lat' dir='ltr'>aquam</span> <span class='ocrx_word' id='word_1_50' title='bbox 551 1327 612 1390; x_wconf 90' lang='lat' dir='ltr'>erit</span> <span class='ocrx_word' id='word_1_51' title='bbox 635 1337 845 1414; x_wconf 89' lang='lat' dir='ltr'>perventum,</span> <span class='ocrx_word' id='word_1_52' title='bbox 869 1338 947 1392; x_wconf 89' lang='lat' dir='ltr'>tunc</span> <span class='ocrx_word' id='word_1_53' title='bbox 963 1330 1109 1415; x_wconf 80' lang='lat' dir='ltr'>sepiatur</span> <span class='ocrx_word' id='word_1_54' title='bbox 1132 1352 1167 1392; x_wconf 89' lang='lat' dir='ltr'>os</span> <span class='ocrx_word' id='word_1_55' title='bbox 1191 1339 1355 1393; x_wconf 83' lang='lat' dir='ltr'>structura</span> <span class='ocrx_word' id='word_1_56' title='bbox 1376 1352 1416 1393; x_wconf 91' lang='lat' dir='ltr'>ne</span> <span class='ocrx_word' id='word_1_57' title='bbox 1432 1331 1487 1394; x_wconf 94' lang='lat' dir='ltr'>ob·</span> 
     </span>
     <span class='ocr_line' id='line_1_8' title="bbox 242 1429 1488 1495; baseline 0.003 -4"><span class='ocrx_word' id='word_1_58' title='bbox 242 1435 277 1482; x_wconf 62' lang='grc' dir='ltr'>-ὲ</span> <span class='ocrx_word' id='word_1_59' title='bbox 334 1437 497 1491; x_wconf 81' lang='lat' dir='ltr'>turentur</span> <span class='ocrx_word' id='word_1_60' title='bbox 511 1450 625 1491; x_wconf 89' lang='lat' dir='ltr'>venae.</span> <span class='ocrx_word' id='word_1_61' title='bbox 671 1431 847 1494; x_wconf 88' lang='lat' dir='ltr'>sinautem</span> <span class='ocrx_word' id='word_1_62' title='bbox 869 1429 939 1494; x_wconf 85' lang='lat' dir='ltr'>loca</span> <span class='ocrx_word' id='word_1_63' title='bbox 954 1430 1037 1493; x_wconf 90' lang='lat' dir='ltr'>dura</span> <span class='ocrx_word' id='word_1_64' title='bbox 1053 1440 1147 1494; x_wconf 90' lang='lat' dir='ltr'>erunt</span> <span class='ocrx_word' id='word_1_65' title='bbox 1161 1440 1217 1493; x_wconf 91' lang='lat' dir='ltr'>aut</span> <span class='ocrx_word' id='word_1_66' title='bbox 1232 1432 1369 1494; x_wconf 90' lang='lat' dir='ltr'>nimium</span> <span class='ocrx_word' id='word_1_67' title='bbox 1385 1454 1488 1495; x_wconf 89' lang='lat' dir='ltr'>venae</span> 
     </span>
     <span class='ocr_line' id='line_1_9' title="bbox 267 1530 1487 1620; baseline 0.002 -27"><span class='ocrx_word' id='word_1_68' title='bbox 267 1550 273 1556; x_wconf 90' lang='lat'>·</span> <span class='ocrx_word' id='word_1_69' title='bbox 339 1532 476 1616; x_wconf 86' lang='lat' dir='ltr'>penitus</span> <span class='ocrx_word' id='word_1_70' title='bbox 506 1530 645 1612; x_wconf 89' lang='lat' dir='ltr'>fuerint,</span> <span class='ocrx_word' id='word_1_71' title='bbox 673 1540 752 1595; x_wconf 90' lang='lat' dir='ltr'>tunc</span> <span class='ocrx_word' id='word_1_72' title='bbox 780 1532 919 1616; x_wconf 85' lang='lat' dir='ltr'>signinis</span> <span class='ocrx_word' id='word_1_73' title='bbox 948 1533 1102 1619; x_wconf 85' lang='lat' dir='ltr'>operibus</span> <span class='ocrx_word' id='word_1_74' title='bbox 1125 1555 1167 1596; x_wconf 85' lang='lat' dir='ltr'>cx</span> <span class='ocrx_word' id='word_1_75' title='bbox 1195 1534 1290 1596; x_wconf 89' lang='lat' dir='ltr'>tectis</span> <span class='ocrx_word' id='word_1_76' title='bbox 1314 1540 1371 1596; x_wconf 88' lang='lat' dir='ltr'>aut</span> <span class='ocrx_word' id='word_1_77' title='bbox 1393 1555 1487 1620; x_wconf 88' lang='lat' dir='ltr'>supe·</span> 
     </span>
     <span class='ocr_line' id='line_1_10' title="bbox 341 1630 1488 1721; baseline 0.003 -27"><span class='ocrx_word' id='word_1_78' title='bbox 341 1632 487 1696; x_wconf 84' lang='lat' dir='ltr'>rioribus</span> <span class='ocrx_word' id='word_1_79' title='bbox 516 1630 596 1696; x_wconf 90' lang='lat' dir='ltr'>locis</span> <span class='ocrx_word' id='word_1_80' title='bbox 626 1634 841 1719; x_wconf 85' lang='lat' dir='ltr'>excipiendae</span> <span class='ocrx_word' id='word_1_81' title='bbox 869 1643 944 1696; x_wconf 92' lang='lat' dir='ltr'>sunt</span> <span class='ocrx_word' id='word_1_82' title='bbox 973 1636 1096 1721; x_wconf 89' lang='lat' dir='ltr'>copiae.</span> <span class='ocrx_word' id='word_1_83' title='bbox 1149 1635 1184 1697; x_wconf 94' lang='lat' dir='ltr'>in</span> <span class='ocrx_word' id='word_1_84' title='bbox 1212 1635 1350 1719; x_wconf 79' lang='lat' dir='ltr'>signinis</span> <span class='ocrx_word' id='word_1_85' title='bbox 1378 1643 1488 1698; x_wconf 91' lang='lat' dir='ltr'>autem</span> 
     </span>
     <span class='ocr_line' id='line_1_11' title="bbox 347 1733 1539 1823; baseline 0.004 -25"><span class='ocrx_word' id='word_1_86' title='bbox 347 1734 498 1822; x_wconf 84' lang='lat' dir='ltr'>operibus</span> <span class='ocrx_word' id='word_1_87' title='bbox 521 1733 601 1797; x_wconf 91' lang='lat' dir='ltr'>haec</span> <span class='ocrx_word' id='word_1_88' title='bbox 624 1743 699 1797; x_wconf 88' lang='lat' dir='ltr'>sunt</span> <span class='ocrx_word' id='word_1_89' title='bbox 720 1734 882 1798; x_wconf 88' lang='lat' dir='ltr'>facienda.</span> <span class='ocrx_word' id='word_1_90' title='bbox 926 1737 976 1799; x_wconf 87' lang='lat' dir='ltr'>uti</span> <span class='ocrx_word' id='word_1_91' title='bbox 997 1735 1119 1800; x_wconf 88' lang='lat' dir='ltr'>harena</span> <span class='ocrx_word' id='word_1_92' title='bbox 1146 1737 1287 1823; x_wconf 90' lang='lat' dir='ltr'>primum</span> <span class='ocrx_word' id='word_1_93' title='bbox 1314 1735 1489 1822; x_wconf 75' lang='lat' dir='ltr'>ptuissima</span> <span class='ocrx_word' id='word_1_94' title='bbox 1508 1755 1539 1803; x_wconf 87' lang='lat'>10</span> 
     </span>
     <span class='ocr_line' id='line_1_12' title="bbox 347 1836 1489 1923; baseline 0.004 -25"><span class='ocrx_word' id='word_1_95' title='bbox 347 1837 589 1923; x_wconf 86' lang='lat' dir='ltr'>asperrimaque</span> <span class='ocrx_word' id='word_1_96' title='bbox 622 1846 772 1922; x_wconf 83' lang='lat' dir='ltr'>paretur,</span> <span class='ocrx_word' id='word_1_97' title='bbox 809 1846 1014 1901; x_wconf 83' lang='lat' dir='ltr'>caementum</span> <span class='ocrx_word' id='word_1_98' title='bbox 1048 1837 1089 1898; x_wconf 90' lang='lat' dir='ltr'>dc</span> <span class='ocrx_word' id='word_1_99' title='bbox 1122 1836 1214 1899; x_wconf 91' lang='lat' dir='ltr'>silice</span> <span class='ocrx_word' id='word_1_100' title='bbox 1248 1838 1419 1922; x_wconf 82' lang='lat' dir='ltr'>frangatur</span> <span class='ocrx_word' id='word_1_101' title='bbox 1447 1860 1489 1902; x_wconf 89' lang='lat' dir='ltr'>ne</span> 
     </span>
     <span class='ocr_line' id='line_1_13' title="bbox 347 1936 1488 2025; baseline 0.003 -25"><span class='ocrx_word' id='word_1_102' title='bbox 347 1939 479 2023; x_wconf 82' lang='lat' dir='ltr'>gravius</span> <span class='ocrx_word' id='word_1_103' title='bbox 502 1960 601 2024; x_wconf 88' lang='lat' dir='ltr'>quam</span> <span class='ocrx_word' id='word_1_104' title='bbox 623 1936 811 2021; x_wconf 90' lang='lat' dir='ltr'>librarium,</span> <span class='ocrx_word' id='word_1_105' title='bbox 836 1938 924 2002; x_wconf 84' lang='lat' dir='ltr'>salec</span> <span class='ocrx_word' id='word_1_106' title='bbox 947 1962 1045 2025; x_wconf 88' lang='lat' dir='ltr'>quam</span> <span class='ocrx_word' id='word_1_107' title='bbox 1060 1937 1348 2002; x_wconf 89' lang='lat' dir='ltr'>vehementissima</span> <span class='ocrx_word' id='word_1_108' title='bbox 1369 1948 1488 2003; x_wconf 90' lang='lat' dir='ltr'>morta-</span> 
     </span>
     <span class='ocr_line' id='line_1_14' title="bbox 347 2039 1488 2127; baseline 0.003 -25"><span class='ocrx_word' id='word_1_109' title='bbox 347 2041 393 2103; x_wconf 93' lang='lat' dir='ltr'>rio</span> <span class='ocrx_word' id='word_1_110' title='bbox 408 2041 514 2102; x_wconf 84' lang='lat' dir='ltr'>mixta</span> <span class='ocrx_word' id='word_1_111' title='bbox 536 2041 583 2102; x_wconf 89' lang='lat' dir='ltr'>ita</span> <span class='ocrx_word' id='word_1_112' title='bbox 597 2049 633 2103; x_wconf 93' lang='lat' dir='ltr'>ut</span> <span class='ocrx_word' id='word_1_113' title='bbox 649 2041 794 2125; x_wconf 88' lang='lat' dir='ltr'>quinque</span> <span class='ocrx_word' id='word_1_114' title='bbox 809 2050 918 2125; x_wconf 88' lang='lat' dir='ltr'>partes</span> <span class='ocrx_word' id='word_1_115' title='bbox 940 2041 1082 2104; x_wconf 87' lang='lat' dir='ltr'>harenae</span> <span class='ocrx_word' id='word_1_116' title='bbox 1096 2040 1139 2103; x_wconf 92' lang='lat' dir='ltr'>ad</span> <span class='ocrx_word' id='word_1_117' title='bbox 1162 2039 1243 2103; x_wconf 92' lang='lat' dir='ltr'>duas</span> <span class='ocrx_word' id='word_1_118' title='bbox 1258 2040 1488 2127; x_wconf 85' lang='lat' dir='ltr'>respondeant.</span> 
     </span>
     <span class='ocr_line' id='line_1_15' title="bbox 349 2140 1488 2228; baseline 0.002 -24"><span class='ocrx_word' id='word_1_119' title='bbox 349 2163 383 2205; x_wconf 89' lang='lat' dir='ltr'>eo</span> <span class='ocrx_word' id='word_1_120' title='bbox 406 2151 476 2204; x_wconf 90' lang='lat' dir='ltr'>tum</span> <span class='ocrx_word' id='word_1_121' title='bbox 498 2141 588 2205; x_wconf 89' lang='lat' dir='ltr'>fossa</span> <span class='ocrx_word' id='word_1_122' title='bbox 610 2142 652 2204; x_wconf 91' lang='lat' dir='ltr'>ad</span> <span class='ocrx_word' id='word_1_123' title='bbox 681 2140 911 2205; x_wconf 86' lang='lat' dir='ltr'>libramentum</span> <span class='ocrx_word' id='word_1_124' title='bbox 940 2142 1124 2206; x_wconf 86' lang='lat' dir='ltr'>altitudinis</span> <span class='ocrx_word' id='word_1_125' title='bbox 1148 2141 1236 2228; x_wconf 91' lang='lat' dir='ltr'>quod</span> <span class='ocrx_word' id='word_1_126' title='bbox 1264 2152 1313 2205; x_wconf 90' lang='lat' dir='ltr'>est</span> <span class='ocrx_word' id='word_1_127' title='bbox 1343 2143 1488 2207; x_wconf 89' lang='lat' dir='ltr'>futurum</span> 
     </span>
     <span class='ocr_line' id='line_1_16' title="bbox 242 2241 1539 2332; baseline 0.003 -27"><span class='ocrx_word' id='word_1_128' title='bbox 242 2264 278 2288; x_wconf 87' lang='lat'>··</span> <span class='ocrx_word' id='word_1_129' title='bbox 349 2241 487 2307; x_wconf 81' lang='lat' dir='ltr'>calcetur</span> <span class='ocrx_word' id='word_1_130' title='bbox 510 2244 659 2307; x_wconf 87' lang='lat' dir='ltr'>vectibus</span> <span class='ocrx_word' id='word_1_131' title='bbox 683 2244 800 2329; x_wconf 84' lang='lat' dir='ltr'>ligneis</span> <span class='ocrx_word' id='word_1_132' title='bbox 823 2244 963 2308; x_wconf 81' lang='lat' dir='ltr'>ferratis</span> <span class='ocrx_word' id='word_1_133' title='bbox 1008 2245 1189 2332; x_wconf 89' lang='lat' dir='ltr'>parictibus</span> <span class='ocrx_word' id='word_1_134' title='bbox 1212 2243 1343 2308; x_wconf 89' lang='lat' dir='ltr'>calcatis</span> <span class='ocrx_word' id='word_1_135' title='bbox 1366 2247 1401 2307; x_wconf 93' lang='lat' dir='ltr'>in</span> <span class='ocrx_word' id='word_1_136' title='bbox 1422 2267 1488 2308; x_wconf 84' lang='lat' dir='ltr'>rue·</span> <span class='ocrx_word' id='word_1_137' title='bbox 1509 2262 1539 2310; x_wconf 77' lang='lat'>15</span> 
     </span>
     <span class='ocr_line' id='line_1_17' title="bbox 348 2344 1488 2430; baseline 0.002 -23"><span class='ocrx_word' id='word_1_138' title='bbox 348 2344 399 2408; x_wconf 91' lang='lat' dir='ltr'>dio</span> <span class='ocrx_word' id='word_1_139' title='bbox 422 2345 511 2430; x_wconf 86' lang='lat' dir='ltr'>quod</span> <span class='ocrx_word' id='word_1_140' title='bbox 534 2348 596 2409; x_wconf 89' lang='lat' dir='ltr'>crit</span> <span class='ocrx_word' id='word_1_141' title='bbox 618 2355 783 2409; x_wconf 86' lang='lat' dir='ltr'>terrenum</span> <span class='ocrx_word' id='word_1_142' title='bbox 806 2347 1012 2410; x_wconf 85' lang='lat' dir='ltr'>exinaniatur</span> <span class='ocrx_word' id='word_1_143' title='bbox 1025 2346 1068 2409; x_wconf 92' lang='lat' dir='ltr'>ad</span> <span class='ocrx_word' id='word_1_144' title='bbox 1091 2346 1321 2410; x_wconf 88' lang='lat' dir='ltr'>libramentum</span> <span class='ocrx_word' id='word_1_145' title='bbox 1342 2345 1488 2409; x_wconf 87' lang='lat' dir='ltr'>infimum</span> 
     </span>
     <span class='ocr_line' id='line_1_18' title="bbox 347 2446 1489 2533; baseline 0 -23"><span class='ocrx_word' id='word_1_146' title='bbox 347 2447 515 2533; x_wconf 87' lang='lat' dir='ltr'>parietum.</span> <span class='ocrx_word' id='word_1_147' title='bbox 566 2446 627 2510; x_wconf 90' lang='lat' dir='ltr'>hoc</span> <span class='ocrx_word' id='word_1_148' title='bbox 655 2456 836 2533; x_wconf 83' lang='lat' dir='ltr'>exaequato</span> <span class='ocrx_word' id='word_1_149' title='bbox 859 2446 964 2511; x_wconf 92' lang='lat' dir='ltr'>solum</span> <span class='ocrx_word' id='word_1_150' title='bbox 993 2447 1135 2512; x_wconf 86' lang='lat' dir='ltr'>calcetur</span> <span class='ocrx_word' id='word_1_151' title='bbox 1162 2449 1205 2512; x_wconf 93' lang='lat' dir='ltr'>ad</span> <span class='ocrx_word' id='word_1_152' title='bbox 1239 2449 1489 2512; x_wconf 87' lang='lat' dir='ltr'>crassitudinem</span> 
     </span>
     <span class='ocr_line' id='line_1_19' title="bbox 348 2547 1490 2636; baseline 0 -24"><span class='ocrx_word' id='word_1_153' title='bbox 348 2570 427 2634; x_wconf 90' lang='lat' dir='ltr'>quae</span> <span class='ocrx_word' id='word_1_154' title='bbox 455 2549 632 2613; x_wconf 87' lang='lat' dir='ltr'>constituta</span> <span class='ocrx_word' id='word_1_155' title='bbox 664 2547 775 2611; x_wconf 87' lang='lat' dir='ltr'>fuerit.</span> <span class='ocrx_word' id='word_1_156' title='bbox 826 2571 864 2612; x_wconf 89' lang='lat' dir='ltr'>ea</span> <span class='ocrx_word' id='word_1_157' title='bbox 890 2560 1000 2614; x_wconf 88' lang='lat' dir='ltr'>autem</span> <span class='ocrx_word' id='word_1_158' title='bbox 1029 2551 1057 2613; x_wconf 90' lang='lat' dir='ltr'>si</span> <span class='ocrx_word' id='word_1_159' title='bbox 1090 2549 1236 2636; x_wconf 86' lang='lat' dir='ltr'>duplicia</span> <span class='ocrx_word' id='word_1_160' title='bbox 1262 2560 1319 2615; x_wconf 90' lang='lat' dir='ltr'>aut</span> <span class='ocrx_word' id='word_1_161' title='bbox 1347 2550 1490 2636; x_wconf 89' lang='lat' dir='ltr'>triplicia</span> 
     </span>
     <span class='ocr_line' id='line_1_20' title="bbox 346 2649 1489 2738; baseline 0.003 -26"><span class='ocrx_word' id='word_1_162' title='bbox 346 2649 431 2713; x_wconf 85' lang='lat' dir='ltr'>facta</span> <span class='ocrx_word' id='word_1_163' title='bbox 452 2649 581 2731; x_wconf 25' lang='lat' dir='ltr'>fuerint,</span> <span class='ocrx_word' id='word_1_164' title='bbox 596 2650 646 2712; x_wconf 90' lang='lat' dir='ltr'>uti</span> <span class='ocrx_word' id='word_1_165' title='bbox 674 2649 950 2736; x_wconf 88' lang='lat' dir='ltr'>percolationibus</span> <span class='ocrx_word' id='word_1_166' title='bbox 978 2652 1189 2715; x_wconf 89' lang='lat' dir='ltr'>transmutari</span> <span class='ocrx_word' id='word_1_167' title='bbox 1216 2654 1359 2738; x_wconf 82' lang='lat' dir='ltr'>possint,</span> <span class='ocrx_word' id='word_1_168' title='bbox 1387 2650 1489 2715; x_wconf 88' lang='lat' dir='ltr'>multo</span> 
     </span>
     <span class='ocr_line' id='line_1_21' title="bbox 348 2751 1539 2839; baseline 0.003 -25"><span class='ocrx_word' id='word_1_169' title='bbox 348 2751 560 2816; x_wconf 87' lang='lat' dir='ltr'>salubriorem</span> <span class='ocrx_word' id='word_1_170' title='bbox 583 2760 615 2815; x_wconf 88' lang='lat' dir='ltr'>et</span> <span class='ocrx_word' id='word_1_171' title='bbox 637 2753 821 2817; x_wconf 84' lang='lat' dir='ltr'>suaviorem</span> <span class='ocrx_word' id='word_1_172' title='bbox 843 2776 947 2839; x_wconf 88' lang='lat' dir='ltr'>aquae</span> <span class='ocrx_word' id='word_1_173' title='bbox 969 2775 1065 2816; x_wconf 87' lang='lat' dir='ltr'>usum</span> <span class='ocrx_word' id='word_1_174' title='bbox 1088 2752 1240 2815; x_wconf 84' lang='lat' dir='ltr'>efficient.</span> <span class='ocrx_word' id='word_1_175' title='bbox 1283 2754 1380 2816; x_wconf 90' lang='lat' dir='ltr'>limus</span> <span class='ocrx_word' id='word_1_176' title='bbox 1403 2754 1489 2816; x_wconf 91' lang='lat' dir='ltr'>enim</span> <span class='ocrx_word' id='word_1_177' title='bbox 1507 2771 1539 2818; x_wconf 79' lang='lat'>20</span> 
     </span>
     <span class='ocr_line' id='line_1_22' title="bbox 348 2853 1488 2942; baseline 0.001 -26"><span class='ocrx_word' id='word_1_178' title='bbox 348 2875 420 2917; x_wconf 91' lang='lat' dir='ltr'>cum</span> <span class='ocrx_word' id='word_1_179' title='bbox 446 2853 598 2918; x_wconf 90' lang='lat' dir='ltr'>habuerit</span> <span class='ocrx_word' id='word_1_180' title='bbox 628 2877 692 2941; x_wconf 90' lang='lat' dir='ltr'>quo</span> <span class='ocrx_word' id='word_1_181' title='bbox 715 2855 882 2939; x_wconf 80' lang='lat' dir='ltr'>subsidat,</span> <span class='ocrx_word' id='word_1_182' title='bbox 912 2854 1080 2942; x_wconf 91' lang='lat' dir='ltr'>limpidior</span> <span class='ocrx_word' id='word_1_183' title='bbox 1107 2853 1164 2918; x_wconf 87' lang='lat' dir='ltr'>fiet</span> <span class='ocrx_word' id='word_1_184' title='bbox 1187 2863 1219 2917; x_wconf 89' lang='lat' dir='ltr'>ct</span> <span class='ocrx_word' id='word_1_185' title='bbox 1241 2854 1311 2918; x_wconf 91' lang='lat' dir='ltr'>sinc</span> <span class='ocrx_word' id='word_1_186' title='bbox 1334 2854 1488 2919; x_wconf 90' lang='lat' dir='ltr'>odoribus</span> 
     </span>
    </p>
   </div>
   <div class='ocr_carea' id='block_1_3' title="bbox 349 2954 1489 3247">
    <p class='ocr_par' dir='ltr' id='par_1_3' title="bbox 349 2954 1489 3247">
     <span class='ocr_line' id='line_1_23' title="bbox 350 2954 1487 3043; baseline 0.001 -25"><span class='ocrx_word' id='word_1_187' title='bbox 350 2954 554 3020; x_wconf 86' lang='lat' dir='ltr'>conservabit</span> <span class='ocrx_word' id='word_1_188' title='bbox 576 2978 740 3043; x_wconf 87' lang='lat' dir='ltr'>saporem,</span> <span class='ocrx_word' id='word_1_189' title='bbox 765 2958 793 3021; x_wconf 89' lang='lat' dir='ltr'>si</span> <span class='ocrx_word' id='word_1_190' title='bbox 816 2981 896 3039; x_wconf 91' lang='lat' dir='ltr'>non,</span> <span class='ocrx_word' id='word_1_191' title='bbox 921 2956 1022 3021; x_wconf 87' lang='lat' dir='ltr'>salem</span> <span class='ocrx_word' id='word_1_192' title='bbox 1037 2954 1116 3018; x_wconf 90' lang='lat' dir='ltr'>addi</span> <span class='ocrx_word' id='word_1_193' title='bbox 1137 2976 1270 3018; x_wconf 90' lang='lat' dir='ltr'>neccsse</span> <span class='ocrx_word' id='word_1_194' title='bbox 1293 2958 1354 3019; x_wconf 89' lang='lat' dir='ltr'>erit</span> <span class='ocrx_word' id='word_1_195' title='bbox 1378 2965 1409 3018; x_wconf 87' lang='lat' dir='ltr'>et</span> <span class='ocrx_word' id='word_1_196' title='bbox 1432 2978 1487 3019; x_wconf 84' lang='lat' dir='ltr'>cx·</span> 
     </span>
     <span class='ocr_line' id='line_1_24' title="bbox 349 3059 482 3121; baseline -0.008 -1"><span class='ocrx_word' id='word_1_197' title='bbox 349 3059 482 3121; x_wconf 88' lang='lat' dir='ltr'>tenuari.</span> 
     </span>
     <span class='ocr_line' id='line_1_25' title="bbox 429 3157 1489 3247; baseline -0.004 -23"><span class='ocrx_word' id='word_1_198' title='bbox 429 3158 524 3239; x_wconf 76' lang='lat' dir='ltr'>Quae</span> <span class='ocrx_word' id='word_1_199' title='bbox 547 3159 638 3247; x_wconf 90' lang='lat' dir='ltr'>potui</span> <span class='ocrx_word' id='word_1_200' title='bbox 661 3159 702 3223; x_wconf 91' lang='lat' dir='ltr'>dc</span> <span class='ocrx_word' id='word_1_201' title='bbox 717 3182 821 3246; x_wconf 90' lang='lat' dir='ltr'>aquae</span> <span class='ocrx_word' id='word_1_202' title='bbox 836 3160 957 3224; x_wconf 87' lang='lat' dir='ltr'>virtute</span> <span class='ocrx_word' id='word_1_203' title='bbox 974 3170 1007 3223; x_wconf 90' lang='lat' dir='ltr'>et</span> <span class='ocrx_word' id='word_1_204' title='bbox 1029 3160 1188 3222; x_wconf 87' lang='lat' dir='ltr'>varietate</span> <span class='ocrx_word' id='word_1_205' title='bbox 1204 3180 1348 3245; x_wconf 89' lang='lat' dir='ltr'>quasque</span> <span class='ocrx_word' id='word_1_206' title='bbox 1369 3157 1489 3221; x_wconf 89' lang='lat' dir='ltr'>habeat</span> 
     </span>
    </p>
   </div>
   <div class='ocr_carea' id='block_1_4' title="bbox 334 3446 1491 4784">
    <p class='ocr_par' dir='ltr' id='par_1_4' title="bbox 334 3446 1491 4784">
     <span class='ocr_line' id='line_1_26' title="bbox 413 3446 1491 3517; baseline -0.001 -15"><span class='ocrx_word' id='word_1_207' title='bbox 413 3450 608 3502; x_wconf 87' lang='lat' dir='ltr'>lfaciuudum</span> <span class='ocrx_word' id='word_1_208' title='bbox 627 3455 643 3501; x_wconf 87' lang='lat'>1.</span> <span class='ocrx_word' id='word_1_209' title='bbox 669 3448 681 3517; x_wconf 96' lang='grc'>11</span> <span class='ocrx_word' id='word_1_210' title='bbox 702 3455 718 3501; x_wconf 88' lang='grc'><strong><em>3</em></strong></span> <span class='ocrx_word' id='word_1_211' title='bbox 737 3468 754 3501; x_wconf 89' lang='lat' dir='ltr'>a</span> <span class='ocrx_word' id='word_1_212' title='bbox 771 3452 812 3500; x_wconf 89' lang='lat' dir='ltr'>vi:</span> <span class='ocrx_word' id='word_1_213' title='bbox 835 3454 873 3502; x_wconf 84' lang='lat' dir='ltr'>sic</span> <span class='ocrx_word' id='word_1_214' title='bbox 895 3453 982 3502; x_wconf 82' lang='lat' dir='ltr'><em>EGH.</em></span> <span class='ocrx_word' id='word_1_215' title='bbox 1010 3448 1022 3516; x_wconf 96' lang='grc'>11</span> <span class='ocrx_word' id='word_1_216' title='bbox 1050 3446 1443 3516; x_wconf 73' lang='lat' dir='ltr'>defodianturquelaestuaria</span> <span class='ocrx_word' id='word_1_217' title='bbox 1461 3452 1491 3501; x_wconf 92' lang='lat' dir='ltr'><em>H</em></span> 
     </span>
     <span class='ocr_line' id='line_1_27' title="bbox 349 3532 1489 3602; baseline -0.003 -15"><span class='ocrx_word' id='word_1_218' title='bbox 349 3532 518 3602; x_wconf 77' lang='lat' dir='ltr'>(aestualria</span> <span class='ocrx_word' id='word_1_219' title='bbox 536 3540 557 3593; x_wconf 85' lang='lat' dir='ltr'>l,</span> <span class='ocrx_word' id='word_1_220' title='bbox 577 3535 699 3585; x_wconf 84' lang='lat' dir='ltr'>aestuari</span> <span class='ocrx_word' id='word_1_221' title='bbox 716 3535 758 3593; x_wconf 76' lang='lat' dir='ltr'>cd,</span> <span class='ocrx_word' id='word_1_222' title='bbox 782 3535 837 3587; x_wconf 79' lang='lat' dir='ltr'>def.</span> <span class='ocrx_word' id='word_1_223' title='bbox 856 3552 925 3599; x_wconf 86' lang='lat' dir='ltr'>quae</span> <span class='ocrx_word' id='word_1_224' title='bbox 943 3544 982 3584; x_wconf 84' lang='lat' dir='ltr'>est</span> <span class='ocrx_word' id='word_1_225' title='bbox 1000 3535 1080 3585; x_wconf 86' lang='lat' dir='ltr'>varia</span> <span class='ocrx_word' id='word_1_226' title='bbox 1101 3534 1147 3598; x_wconf 86' lang='lat' dir='ltr'>L),</span> <span class='ocrx_word' id='word_1_227' title='bbox 1167 3535 1222 3588; x_wconf 83' lang='lat' dir='ltr'>def.</span> <span class='ocrx_word' id='word_1_228' title='bbox 1242 3552 1293 3600; x_wconf 93' lang='lat' dir='ltr'>que</span> <span class='ocrx_word' id='word_1_229' title='bbox 1312 3536 1345 3600; x_wconf 72' lang='lat' dir='ltr'>e!</span> <span class='ocrx_word' id='word_1_230' title='bbox 1361 3536 1439 3586; x_wconf 90' lang='lat' dir='ltr'>varia</span> <span class='ocrx_word' id='word_1_231' title='bbox 1460 3536 1489 3596; x_wconf 86' lang='grc' dir='ltr'><em>Θ,</em></span> 
     </span>
     <span class='ocr_line' id='line_1_28' title="bbox 347 3615 1489 3686; baseline -0.001 -18"><span class='ocrx_word' id='word_1_232' title='bbox 347 3617 397 3672; x_wconf 82' lang='lat' dir='ltr'>def.</span> <span class='ocrx_word' id='word_1_233' title='bbox 417 3636 489 3685; x_wconf 84' lang='lat' dir='ltr'>quae</span> <span class='ocrx_word' id='word_1_234' title='bbox 505 3616 569 3685; x_wconf 77' lang='lat' dir='ltr'>lest</span> <span class='ocrx_word' id='word_1_235' title='bbox 586 3619 667 3669; x_wconf 87' lang='lat' dir='ltr'>varia</span> <span class='ocrx_word' id='word_1_236' title='bbox 689 3620 714 3667; x_wconf 92' lang='grc' dir='ltr'><em>Ε</em></span> <span class='ocrx_word' id='word_1_237' title='bbox 734 3619 948 3683; x_wconf 69' lang='lat' dir='ltr'>(quatiebat).</span> <span class='ocrx_word' id='word_1_238' title='bbox 971 3615 983 3686; x_wconf 95' lang='grc'>11</span> <span class='ocrx_word' id='word_1_239' title='bbox 1006 3622 1023 3668; x_wconf 83' lang='lat'>4</span> <span class='ocrx_word' id='word_1_240' title='bbox 1042 3636 1075 3669; x_wconf 82' lang='lat' dir='ltr'>ex</span> <span class='ocrx_word' id='word_1_241' title='bbox 1095 3621 1243 3669; x_wconf 88' lang='lat' dir='ltr'>aestuariis</span> <span class='ocrx_word' id='word_1_242' title='bbox 1261 3622 1332 3671; x_wconf 71' lang='lat' dir='ltr'>doc:</span> <span class='ocrx_word' id='word_1_243' title='bbox 1358 3638 1391 3670; x_wconf 82' lang='lat' dir='ltr'>ex</span> <span class='ocrx_word' id='word_1_244' title='bbox 1410 3625 1489 3669; x_wconf 87' lang='lat' dir='ltr'>aestu</span> 
     </span>
     <span class='ocr_line' id='line_1_29' title="bbox 344 3698 1488 3770; baseline -0.003 -15"><span class='ocrx_word' id='word_1_245' title='bbox 344 3698 417 3765; x_wconf 82' lang='lat' dir='ltr'>(estu</span> <span class='ocrx_word' id='word_1_246' title='bbox 441 3705 476 3767; x_wconf 85' lang='lat' dir='ltr'>G,</span> <span class='ocrx_word' id='word_1_247' title='bbox 496 3708 558 3770; x_wconf 72' lang='lat' dir='ltr'>estu</span> <span class='ocrx_word' id='word_1_248' title='bbox 581 3703 654 3767; x_wconf 66' lang='lat'>300)</span> <span class='ocrx_word' id='word_1_249' title='bbox 678 3703 765 3755; x_wconf 85' lang='lat' dir='ltr'><em>EGH.</em></span> <span class='ocrx_word' id='word_1_250' title='bbox 787 3700 801 3769; x_wconf 94' lang='grc'>11</span> <span class='ocrx_word' id='word_1_251' title='bbox 824 3706 839 3752; x_wconf 88' lang='lat'>6</span> <span class='ocrx_word' id='word_1_252' title='bbox 862 3705 987 3769; x_wconf 86' lang='lat' dir='ltr'>sepiatur</span> <span class='ocrx_word' id='word_1_253' title='bbox 1006 3719 1036 3754; x_wconf 90' lang='lat' dir='ltr'>os</span> <span class='ocrx_word' id='word_1_254' title='bbox 1060 3707 1200 3754; x_wconf 84' lang='lat' dir='ltr'>structura</span> <span class='ocrx_word' id='word_1_255' title='bbox 1222 3720 1282 3769; x_wconf 76' lang='lat' dir='ltr'>epo:</span> <span class='ocrx_word' id='word_1_256' title='bbox 1313 3705 1488 3769; x_wconf 88' lang='lat' dir='ltr'>saepiaturas</span> 
     </span>
     <span class='ocr_line' id='line_1_30' title="bbox 341 3785 1487 3854; baseline 0 -19"><span class='ocrx_word' id='word_1_257' title='bbox 341 3794 483 3839; x_wconf 80' lang='lat' dir='ltr'>structura</span> <span class='ocrx_word' id='word_1_258' title='bbox 498 3789 527 3837; x_wconf 91' lang='lat' dir='ltr'><em>H</em></span> <span class='ocrx_word' id='word_1_259' title='bbox 544 3788 579 3850; x_wconf 85' lang='lat' dir='ltr'>(L</span> <span class='ocrx_word' id='word_1_260' title='bbox 591 3788 634 3838; x_wconf 82' lang='lat' dir='ltr'>ubi</span> <span class='ocrx_word' id='word_1_261' title='bbox 645 3802 714 3851; x_wconf 76' lang='lat' dir='ltr'>sep,</span> <span class='ocrx_word' id='word_1_262' title='bbox 734 3790 858 3853; x_wconf 84' lang='lat' dir='ltr'>sepiatur</span> <span class='ocrx_word' id='word_1_263' title='bbox 876 3792 1033 3838; x_wconf 88' lang='lat' dir='ltr'>astructura</span> <span class='ocrx_word' id='word_1_264' title='bbox 1045 3788 1090 3852; x_wconf 85' lang='lat' dir='ltr'>lc),</span> <span class='ocrx_word' id='word_1_265' title='bbox 1110 3790 1233 3854; x_wconf 84' lang='lat' dir='ltr'>sepiatur</span> <span class='ocrx_word' id='word_1_266' title='bbox 1246 3793 1384 3838; x_wconf 88' lang='lat' dir='ltr'>structura</span> <span class='ocrx_word' id='word_1_267' title='bbox 1403 3789 1459 3836; x_wconf 90' lang='grc' dir='ltr'><em>ΕΘ.</em></span> <span class='ocrx_word' id='word_1_268' title='bbox 1475 3785 1487 3852; x_wconf 97' lang='grc'>11</span> 
     </span>
     <span class='ocr_line' id='line_1_31' title="bbox 339 3867 1489 3938; baseline -0.003 -15"><span class='ocrx_word' id='word_1_269' title='bbox 339 3884 396 3925; x_wconf 77' lang='lat' dir='ltr'>nec</span> <span class='ocrx_word' id='word_1_270' title='bbox 414 3870 462 3938; x_wconf 87' lang='lat' dir='ltr'>(ne</span> <span class='ocrx_word' id='word_1_271' title='bbox 480 3871 551 3937; x_wconf 85' lang='lat' dir='ltr'>Joc.)</span> <span class='ocrx_word' id='word_1_272' title='bbox 570 3875 733 3937; x_wconf 87' lang='lat' dir='ltr'>opturentur</span> <span class='ocrx_word' id='word_1_273' title='bbox 752 3870 929 3935; x_wconf 86' lang='lat' dir='ltr'>(obdurentur</span> <span class='ocrx_word' id='word_1_274' title='bbox 948 3873 1007 3934; x_wconf 89' lang='grc' dir='ltr'><em>ΕΘ)</em></span> <span class='ocrx_word' id='word_1_275' title='bbox 1031 3888 1117 3923; x_wconf 90' lang='lat' dir='ltr'>venas</span> <span class='ocrx_word' id='word_1_276' title='bbox 1137 3871 1236 3937; x_wconf 88' lang='lat' dir='ltr'>(venae</span> <span class='ocrx_word' id='word_1_277' title='bbox 1255 3871 1307 3935; x_wconf 82' lang='lat' dir='ltr'>ed.)</span> <span class='ocrx_word' id='word_1_278' title='bbox 1331 3872 1415 3921; x_wconf 84' lang='lat' dir='ltr'><em>EGH.</em></span> <span class='ocrx_word' id='word_1_279' title='bbox 1439 3867 1451 3934; x_wconf 97' lang='grc'>11</span> <span class='ocrx_word' id='word_1_280' title='bbox 1474 3872 1489 3919; x_wconf 89' lang='grc'>8</span> 
     </span>
     <span class='ocr_line' id='line_1_32' title="bbox 339 3951 1489 4025; baseline -0.005 -18"><span class='ocrx_word' id='word_1_281' title='bbox 339 3958 465 4025; x_wconf 79' lang='lat' dir='ltr'>signinis</span> <span class='ocrx_word' id='word_1_282' title='bbox 483 3956 546 4007; x_wconf 80' lang='lat' dir='ltr'>Eu:</span> <span class='ocrx_word' id='word_1_283' title='bbox 565 3957 653 4022; x_wconf 82' lang='lat' dir='ltr'>signis</span> <span class='ocrx_word' id='word_1_284' title='bbox 672 3958 700 4005; x_wconf 87' lang='lat' dir='ltr'><em>H</em></span> <span class='ocrx_word' id='word_1_285' title='bbox 719 3954 799 4018; x_wconf 82' lang='lat' dir='ltr'>(Llc).</span> <span class='ocrx_word' id='word_1_286' title='bbox 822 3951 835 4021; x_wconf 96' lang='grc'>11</span> <span class='ocrx_word' id='word_1_287' title='bbox 858 3958 940 4005; x_wconf 87' lang='lat' dir='ltr'>tectis</span> <span class='ocrx_word' id='word_1_288' title='bbox 958 3958 1030 4007; x_wconf 70' lang='lat' dir='ltr'>doe:</span> <span class='ocrx_word' id='word_1_289' title='bbox 1058 3958 1139 4006; x_wconf 88' lang='lat' dir='ltr'>testis</span> <span class='ocrx_word' id='word_1_290' title='bbox 1157 3957 1244 4007; x_wconf 85' lang='grc' dir='ltr'><em>ΕΘΗ,</em></span> <span class='ocrx_word' id='word_1_291' title='bbox 1267 3953 1279 4021; x_wconf 97' lang='grc'>11</span> <span class='ocrx_word' id='word_1_292' title='bbox 1303 3959 1351 4004; x_wconf 90' lang='lat' dir='ltr'>aut</span> <span class='ocrx_word' id='word_1_293' title='bbox 1368 3954 1489 4018; x_wconf 88' lang='lat' dir='ltr'>superio-</span> 
     </span>
     <span class='ocr_line' id='line_1_33' title="bbox 337 4037 1489 4107; baseline -0.005 -14"><span class='ocrx_word' id='word_1_294' title='bbox 337 4044 421 4094; x_wconf 80' lang='lat' dir='ltr'>ribus</span> <span class='ocrx_word' id='word_1_295' title='bbox 439 4043 469 4091; x_wconf 88' lang='grc' dir='ltr'><em>Η</em></span> <span class='ocrx_word' id='word_1_296' title='bbox 487 4037 573 4106; x_wconf 65' lang='grc'>(11611</span> <span class='ocrx_word' id='word_1_297' title='bbox 605 4056 622 4090; x_wconf 89' lang='lat' dir='ltr'>a</span> <span class='ocrx_word' id='word_1_298' title='bbox 640 4040 828 4105; x_wconf 85' lang='lat' dir='ltr'>superioribus</span> <span class='ocrx_word' id='word_1_299' title='bbox 856 4040 912 4090; x_wconf 89' lang='grc' dir='ltr'><em>ΕΘ.</em></span> <span class='ocrx_word' id='word_1_300' title='bbox 937 4038 949 4107; x_wconf 96' lang='grc'>11</span> <span class='ocrx_word' id='word_1_301' title='bbox 973 4045 988 4091; x_wconf 86' lang='grc'><strong>9</strong></span> <span class='ocrx_word' id='word_1_302' title='bbox 1011 4041 1159 4106; x_wconf 76' lang='lat' dir='ltr'>insigniris</span> <span class='ocrx_word' id='word_1_303' title='bbox 1180 4041 1209 4088; x_wconf 90' lang='grc' dir='ltr'><em>Η</em></span> <span class='ocrx_word' id='word_1_304' title='bbox 1227 4039 1350 4102; x_wconf 59' lang='grc' dir='ltr'><em>(ΘθΕθΕ,</em></span> <span class='ocrx_word' id='word_1_305' title='bbox 1373 4038 1489 4102; x_wconf 84' lang='lat' dir='ltr'>insignis</span> 
     </span>
     <span class='ocr_line' id='line_1_34' title="bbox 334 4118 1489 4193; baseline -0.002 -21"><span class='ocrx_word' id='word_1_306' title='bbox 334 4126 391 4193; x_wconf 85' lang='lat' dir='ltr'>Ic):</span> <span class='ocrx_word' id='word_1_307' title='bbox 412 4122 562 4191; x_wconf 65' lang='lat' dir='ltr'>insignitis</span> <span class='ocrx_word' id='word_1_308' title='bbox 580 4132 640 4174; x_wconf 86' lang='lat' dir='ltr'>unte</span> <span class='ocrx_word' id='word_1_309' title='bbox 658 4141 726 4174; x_wconf 83' lang='lat' dir='ltr'>corr.</span> <span class='ocrx_word' id='word_1_310' title='bbox 748 4126 777 4186; x_wconf 86' lang='grc' dir='ltr'><em>Θ,</em></span> <span class='ocrx_word' id='word_1_311' title='bbox 796 4124 914 4189; x_wconf 84' lang='lat' dir='ltr'>insignis</span> <span class='ocrx_word' id='word_1_312' title='bbox 932 4133 991 4175; x_wconf 83' lang='lat' dir='ltr'>ante</span> <span class='ocrx_word' id='word_1_313' title='bbox 1010 4142 1078 4175; x_wconf 83' lang='lat' dir='ltr'>corr.</span> <span class='ocrx_word' id='word_1_314' title='bbox 1097 4125 1130 4173; x_wconf 85' lang='lat' dir='ltr'>E.</span> <span class='ocrx_word' id='word_1_315' title='bbox 1152 4118 1165 4189; x_wconf 94' lang='grc'>11</span> <span class='ocrx_word' id='word_1_316' title='bbox 1190 4126 1220 4172; x_wconf 94' lang='grc'>11</span> <span class='ocrx_word' id='word_1_317' title='bbox 1240 4127 1368 4187; x_wconf 88' lang='lat' dir='ltr'>parentur</span> <span class='ocrx_word' id='word_1_318' title='bbox 1386 4126 1416 4175; x_wconf 81' lang='lat' dir='ltr'>le.</span> <span class='ocrx_word' id='word_1_319' title='bbox 1429 4119 1441 4189; x_wconf 94' lang='grc'>11</span> <span class='ocrx_word' id='word_1_320' title='bbox 1458 4123 1489 4170; x_wconf 79' lang='grc'>12</span> 
     </span>
     <span class='ocr_line' id='line_1_35' title="bbox 334 4202 1489 4277; baseline -0.004 -17"><span class='ocrx_word' id='word_1_321' title='bbox 334 4207 485 4263; x_wconf 88' lang='lat' dir='ltr'>libralium</span> <span class='ocrx_word' id='word_1_322' title='bbox 503 4215 526 4261; x_wconf 84' lang='lat' dir='ltr'>tc</span> <span class='ocrx_word' id='word_1_323' title='bbox 546 4207 597 4277; x_wconf 83' lang='lat' dir='ltr'>[s]</span> <span class='ocrx_word' id='word_1_324' title='bbox 622 4208 635 4277; x_wconf 90' lang='grc'>11</span> <span class='ocrx_word' id='word_1_325' title='bbox 657 4211 734 4260; x_wconf 84' lang='lat' dir='ltr'>calce</span> <span class='ocrx_word' id='word_1_326' title='bbox 753 4226 812 4274; x_wconf 75' lang='lat' dir='ltr'>epo:</span> <span class='ocrx_word' id='word_1_327' title='bbox 832 4210 895 4260; x_wconf 79' lang='lat' dir='ltr'>calx</span> <span class='ocrx_word' id='word_1_328' title='bbox 907 4211 985 4261; x_wconf 91' lang='grc' dir='ltr'><em>ΕΘΗ</em></span> <span class='ocrx_word' id='word_1_329' title='bbox 999 4209 1041 4274; x_wconf 89' lang='lat' dir='ltr'>(L,</span> <span class='ocrx_word' id='word_1_330' title='bbox 1061 4208 1120 4258; x_wconf 89' lang='lat' dir='ltr'>cals</span> <span class='ocrx_word' id='word_1_331' title='bbox 1138 4224 1152 4257; x_wconf 88' lang='lat' dir='ltr'>c</span> <span class='ocrx_word' id='word_1_332' title='bbox 1170 4216 1196 4257; x_wconf 84' lang='lat' dir='ltr'>et</span> <span class='ocrx_word' id='word_1_333' title='bbox 1213 4215 1272 4257; x_wconf 82' lang='lat' dir='ltr'>aute</span> <span class='ocrx_word' id='word_1_334' title='bbox 1290 4223 1358 4257; x_wconf 83' lang='lat' dir='ltr'>corr.</span> <span class='ocrx_word' id='word_1_335' title='bbox 1377 4206 1408 4271; x_wconf 88' lang='lat' dir='ltr'>l).</span> <span class='ocrx_word' id='word_1_336' title='bbox 1422 4202 1435 4272; x_wconf 96' lang='grc'>11</span> <span class='ocrx_word' id='word_1_337' title='bbox 1457 4208 1489 4254; x_wconf 90' lang='grc'>13</span> 
     </span>
     <span class='ocr_line' id='line_1_36' title="bbox 334 4291 1490 4362; baseline -0.007 -16"><span class='ocrx_word' id='word_1_338' title='bbox 334 4297 441 4347; x_wconf 83' lang='lat' dir='ltr'>mixta:</span> <span class='ocrx_word' id='word_1_339' title='bbox 460 4296 603 4349; x_wconf 77' lang='grc' dir='ltr'>616ΕΘΗ.</span> <span class='ocrx_word' id='word_1_340' title='bbox 631 4292 643 4362; x_wconf 95' lang='grc'>11</span> <span class='ocrx_word' id='word_1_341' title='bbox 670 4295 773 4344; x_wconf 86' lang='lat' dir='ltr'>adduas</span> <span class='ocrx_word' id='word_1_342' title='bbox 793 4295 867 4357; x_wconf 83' lang='lat' dir='ltr'>(EG,</span> <span class='ocrx_word' id='word_1_343' title='bbox 888 4295 992 4344; x_wconf 81' lang='lat' dir='ltr'>adduas</span> <span class='ocrx_word' id='word_1_344' title='bbox 1012 4295 1096 4352; x_wconf 83' lang='lat' dir='ltr'>HLlc,</span> <span class='ocrx_word' id='word_1_345' title='bbox 1116 4291 1362 4353; x_wconf 65' lang='grc'>66161361161166.)</span> <span class='ocrx_word' id='word_1_346' title='bbox 1381 4306 1490 4354; x_wconf 89' lang='lat' dir='ltr'>respon-</span> 
     </span>
     <span class='ocr_line' id='line_1_37' title="bbox 336 4374 1489 4444; baseline -0.006 -15"><span class='ocrx_word' id='word_1_347' title='bbox 336 4382 429 4431; x_wconf 84' lang='lat' dir='ltr'>deant</span> <span class='ocrx_word' id='word_1_348' title='bbox 449 4395 543 4430; x_wconf 81' lang='lat' dir='ltr'>sorum</span> <span class='ocrx_word' id='word_1_349' title='bbox 562 4377 606 4442; x_wconf 88' lang='lat' dir='ltr'>(eo</span> <span class='ocrx_word' id='word_1_350' title='bbox 625 4384 682 4429; x_wconf 90' lang='lat' dir='ltr'>tum</span> <span class='ocrx_word' id='word_1_351' title='bbox 700 4378 758 4443; x_wconf 73' lang='lat' dir='ltr'>epo)</span> <span class='ocrx_word' id='word_1_352' title='bbox 778 4379 855 4428; x_wconf 83' lang='lat' dir='ltr'>fossa</span> <span class='ocrx_word' id='word_1_353' title='bbox 872 4380 958 4429; x_wconf 88' lang='grc' dir='ltr'><em>ΕΘΗ.</em></span> <span class='ocrx_word' id='word_1_354' title='bbox 979 4374 992 4444; x_wconf 95' lang='grc'>11</span> <span class='ocrx_word' id='word_1_355' title='bbox 1015 4379 1046 4426; x_wconf 88' lang='grc'>16</span> <span class='ocrx_word' id='word_1_356' title='bbox 1065 4376 1186 4426; x_wconf 87' lang='lat' dir='ltr'>infimum</span> <span class='ocrx_word' id='word_1_357' title='bbox 1205 4378 1234 4425; x_wconf 91' lang='lat' dir='ltr'><em>H</em></span> <span class='ocrx_word' id='word_1_358' title='bbox 1253 4377 1335 4438; x_wconf 78' lang='lat' dir='ltr'>(Lle):</span> <span class='ocrx_word' id='word_1_359' title='bbox 1356 4374 1489 4423; x_wconf 87' lang='lat' dir='ltr'>infirmum</span> 
     </span>
     <span class='ocr_line' id='line_1_38' title="bbox 336 4456 1487 4531; baseline -0.007 -17"><span class='ocrx_word' id='word_1_360' title='bbox 336 4465 400 4516; x_wconf 84' lang='lat' dir='ltr'>EG.</span> <span class='ocrx_word' id='word_1_361' title='bbox 424 4462 437 4531; x_wconf 94' lang='grc'>11</span> <span class='ocrx_word' id='word_1_362' title='bbox 462 4467 493 4515; x_wconf 87' lang='grc'>19</span> <span class='ocrx_word' id='word_1_363' title='bbox 511 4469 627 4529; x_wconf 89' lang='lat' dir='ltr'>possunt</span> <span class='ocrx_word' id='word_1_364' title='bbox 645 4471 705 4513; x_wconf 83' lang='lat' dir='ltr'>ante</span> <span class='ocrx_word' id='word_1_365' title='bbox 724 4481 791 4514; x_wconf 82' lang='lat' dir='ltr'>corr.</span> <span class='ocrx_word' id='word_1_366' title='bbox 811 4464 846 4511; x_wconf 89' lang='lat' dir='ltr'>H.</span> <span class='ocrx_word' id='word_1_367' title='bbox 870 4460 882 4529; x_wconf 96' lang='grc'>11</span> <span class='ocrx_word' id='word_1_368' title='bbox 904 4466 938 4513; x_wconf 71' lang='lat'>20</span> <span class='ocrx_word' id='word_1_369' title='bbox 955 4468 982 4511; x_wconf 96' lang='grc'>61</span> <span class='ocrx_word' id='word_1_370' title='bbox 1004 4462 1159 4511; x_wconf 90' lang='lat' dir='ltr'>suaviorem</span> <span class='ocrx_word' id='word_1_371' title='bbox 1182 4460 1242 4509; x_wconf 79' lang='lat' dir='ltr'>EG:</span> <span class='ocrx_word' id='word_1_372' title='bbox 1267 4477 1313 4511; x_wconf 78' lang='lat' dir='ltr'>ons.</span> <span class='ocrx_word' id='word_1_373' title='bbox 1334 4460 1361 4507; x_wconf 89' lang='lat' dir='ltr'><em>H</em></span> <span class='ocrx_word' id='word_1_374' title='bbox 1379 4456 1487 4524; x_wconf 73' lang='grc'>(116111</span> 
     </span>
     <span class='ocr_line' id='line_1_39' title="bbox 338 4542 1491 4614; baseline -0.009 -14"><span class='ocrx_word' id='word_1_375' title='bbox 338 4565 434 4614; x_wconf 75' lang='lat' dir='ltr'>aquae</span> <span class='ocrx_word' id='word_1_376' title='bbox 452 4563 546 4598; x_wconf 86' lang='lat' dir='ltr'>usum:</span> <span class='ocrx_word' id='word_1_377' title='bbox 573 4551 610 4598; x_wconf 86' lang='lat' dir='ltr'>sic</span> <span class='ocrx_word' id='word_1_378' title='bbox 627 4549 713 4598; x_wconf 86' lang='grc' dir='ltr'><em>ΕΘΗ.</em></span> <span class='ocrx_word' id='word_1_379' title='bbox 737 4544 749 4614; x_wconf 95' lang='grc'>11</span> <span class='ocrx_word' id='word_1_380' title='bbox 778 4548 902 4598; x_wconf 89' lang='lat' dir='ltr'>efficient</span> <span class='ocrx_word' id='word_1_381' title='bbox 929 4545 1090 4609; x_wconf 85' lang='lat' dir='ltr'>(efficicient</span> <span class='ocrx_word' id='word_1_382' title='bbox 1111 4545 1141 4608; x_wconf 86' lang='lat' dir='ltr'>G)</span> <span class='ocrx_word' id='word_1_383' title='bbox 1165 4545 1244 4594; x_wconf 92' lang='grc' dir='ltr'>ΕΘΗ</span> <span class='ocrx_word' id='word_1_384' title='bbox 1264 4542 1310 4607; x_wconf 84' lang='lat' dir='ltr'>(lc,</span> <span class='ocrx_word' id='word_1_385' title='bbox 1335 4542 1491 4592; x_wconf 84' lang='lat' dir='ltr'>efficientur</span> 
     </span>
     <span class='ocr_line' id='line_1_40' title="bbox 337 4626 1491 4701; baseline -0.007 -18"><span class='ocrx_word' id='word_1_386' title='bbox 337 4634 387 4698; x_wconf 74' lang='lat' dir='ltr'>L).</span> <span class='ocrx_word' id='word_1_387' title='bbox 412 4631 424 4701; x_wconf 95' lang='grc'>11</span> <span class='ocrx_word' id='word_1_388' title='bbox 450 4637 482 4685; x_wconf 76' lang='lat'>21</span> <span class='ocrx_word' id='word_1_389' title='bbox 507 4635 638 4684; x_wconf 87' lang='lat' dir='ltr'>habuerit</span> <span class='ocrx_word' id='word_1_390' title='bbox 660 4649 712 4698; x_wconf 88' lang='lat' dir='ltr'>quo</span> <span class='ocrx_word' id='word_1_391' title='bbox 735 4633 864 4683; x_wconf 87' lang='lat' dir='ltr'>subsidat</span> <span class='ocrx_word' id='word_1_392' title='bbox 886 4632 941 4680; x_wconf 91' lang='grc' dir='ltr'>ΕΗ</span> <span class='ocrx_word' id='word_1_393' title='bbox 968 4630 1013 4693; x_wconf 86' lang='lat' dir='ltr'>(lc,</span> <span class='ocrx_word' id='word_1_394' title='bbox 1039 4626 1269 4695; x_wconf 72' lang='lat' dir='ltr'>quoslsubsidat</span> <span class='ocrx_word' id='word_1_395' title='bbox 1287 4626 1336 4691; x_wconf 86' lang='lat' dir='ltr'>L):</span> <span class='ocrx_word' id='word_1_396' title='bbox 1363 4627 1491 4679; x_wconf 88' lang='lat' dir='ltr'>habuerit</span> 
     </span>
     <span class='ocr_line' id='line_1_41' title="bbox 340 4714 1120 4784; baseline -0.004 -16"><span class='ocrx_word' id='word_1_397' title='bbox 340 4719 470 4769; x_wconf 87' lang='lat' dir='ltr'>subsidat</span> <span class='ocrx_word' id='word_1_398' title='bbox 490 4718 548 4783; x_wconf 83' lang='lat' dir='ltr'>(om.</span> <span class='ocrx_word' id='word_1_399' title='bbox 569 4717 634 4784; x_wconf 90' lang='lat' dir='ltr'>quo)</span> <span class='ocrx_word' id='word_1_400' title='bbox 655 4719 684 4771; x_wconf 87' lang='grc' dir='ltr'><em>Θ.</em></span> <span class='ocrx_word' id='word_1_401' title='bbox 707 4714 719 4784; x_wconf 95' lang='grc'>11</span> <span class='ocrx_word' id='word_1_402' title='bbox 742 4717 882 4783; x_wconf 87' lang='lat' dir='ltr'>limpidior</span> <span class='ocrx_word' id='word_1_403' title='bbox 899 4716 960 4766; x_wconf 86' lang='lat' dir='ltr'>fiet:</span> <span class='ocrx_word' id='word_1_404' title='bbox 979 4718 1016 4766; x_wconf 83' lang='lat' dir='ltr'>sic</span> <span class='ocrx_word' id='word_1_405' title='bbox 1035 4715 1120 4765; x_wconf 89' lang='grc' dir='ltr'><em>ΕΘΗ.</em></span> 
     </span>
    </p>
   </div>
   <div class='ocr_carea' id='block_1_5' title="bbox 1225 4799 1286 4861">
    <p class='ocr_par' dir='ltr' id='par_1_5' title="bbox 1225 4799 1286 4861">
     <span class='ocr_line' id='line_1_42' title="bbox 1225 4799 1286 4861; baseline 0.033 -2"><span class='ocrx_word' id='word_1_406' title='bbox 1225 4799 1286 4861; x_wconf 70' lang='lat'>14*</span> 
     </span>
    </p>
   </div>
   <div class='ocr_carea' id='block_1_6' title="bbox 0 0 2001 5825">
    <p class='ocr_par' dir='ltr' id='par_1_6' title="bbox 0 0 2001 5825">
     <span class='ocr_line' id='line_1_43' title="bbox 0 0 2001 5825; baseline 0 0"><span class='ocrx_word' id='word_1_407' title='bbox 0 0 2001 5825; x_wconf 95' lang='lat' dir='ltr'> </span> 
     </span>
    </p>
   </div>
  </div>
 </body>
</html>
