3984 5825
684 685 731 731 na
756 683 1024 731 sncnrmcruna
1049 686 1118 730 nra.
1143 687 1173 729 1.
1438 669 1497 733 1011

354 859 481 901 crarum
515 839 550 901 in
583 837 679 901 tertio
712 835 796 902 libro
828 847 877 900 cst
911 838 1078 922 scriptum.
1134 838 1266 922 insuper
1287 836 1497 899 fundamenta

353 938 493 1026 lapideis
523 947 554 1002 et
586 939 776 1001 marmoreis
809 940 912 1025 copiis
945 938 1155 1021 gradationes
1183 938 1224 1002 ab
1257 937 1505 1009 substructione,

318 1040 424 1104 4fieri
453 1039 585 1103 debent.
636 1039 893 1126 praecinctiones
921 1040 964 1103 ad
992 1040 1183 1105 altitudines
1211 1041 1412 1104 theatrorum
1438 1061 1498 1126 pro

352 1151 424 1205 rata
450 1150 544 1227 parte
571 1140 740 1204 faciendae
768 1141 939 1222 videntur,
968 1164 1073 1228 neque
1099 1141 1231 1206 altiores
1260 1164 1356 1228 quam
1378 1151 1498 1228 quanta

353 1243 606 1331 praecinctionis
634 1243 762 1307 itineris
790 1243 833 1306 sit
855 1240 1005 1308 latitudo.
1050 1245 1185 1308 sienim
1210 1243 1406 1307 excelsiores
1429 1242 1532 1305 fue-5

352 1345 431 1426 rint,
454 1342 612 1430 repellent
628 1354 660 1408 et
679 1345 832 1407 eiciente
854 1346 1020 1430 superiore
1042 1355 1134 1433 parte
1156 1366 1269 1409 vocem
1292 1366 1352 1407 nec
1373 1345 1498 1430 patien-

353 1445 457 1510 turin
480 1444 613 1510 sedibus
637 1447 787 1526 summis,
811 1456 991 1531 quaesunt
1015 1469 1113 1533 supra
1134 1447 1402 1533 praecinctiones,
1427 1467 1498 1508 ver-

353 1546 472 1611 borum
500 1567 594 1610 casus
623 1555 712 1610 certa
735 1547 973 1631 significatione
995 1547 1038 1610 ad
1059 1570 1153 1612 aures
1176 1549 1358 1634 pervenire.
1404 1556 1436 1610 et
1457 1547 1500 1609 ad

354 1669 514 1712 summam
540 1649 588 1712 ita
617 1658 666 1712 est
692 1635 942 1733 gubernandum
963 1651 1013 1714 uti
1035 1648 1121 1713 linea
1144 1671 1217 1712 cum
1237 1648 1280 1711 ad
1302 1650 1402 1712 imum
1424 1670 1496 1732 gra-

353 1748 434 1812 dum
465 1758 500 1813 et
526 1747 569 1812 ad
597 1771 759 1814 summum
785 1758 919 1814 extenta
947 1749 1063 1833 fuerit,
1098 1751 1207 1814 omnia
1234 1750 1402 1814 cacumina
1423 1770 1496 1834 gra·
1520 1767 1550 1813 ro

320 1849 455 1917 eduum
482 1850 685 1937 angulosque
713 1859 837 1936 tangat.
885 1851 933 1915 ita
960 1873 1027 1916 vox
1054 1875 1120 1917 non
1146 1851 1340 1937 inpedietur.
1389 1850 1498 1914 aditus

355 1950 537 2039 complures
553 1961 586 2016 et
608 1954 768 2040 spatiosos
791 1962 918 2039 oportet
940 1953 1129 2040 disponere,
1151 1975 1212 2016 nec
1235 1954 1423 2017 coniunctos
1446 1973 1498 2016 su-

354 2055 499 2141 periores
521 2053 731 2118 inferioribus
759 2052 818 2117 sed
846 2076 888 2117 ex
915 2055 1064 2119 omnibus
1092 2054 1171 2120 locis
1198 2064 1373 2141 perpetuos
1396 2065 1428 2117 et
1450 2053 1498 2116 di-

353 2165 461 2220 rectos
484 2156 554 2218 sine
575 2155 755 2219 inversuris
778 2153 946 2220 faciendos
957 2205 966 2238 ,
989 2158 1038 2220 uti
1061 2179 1134 2221 cum
1156 2154 1294 2243 populus
1317 2156 1501 2219 dimittatur

356 2256 398 2320 de
420 2254 635 2344 spectaculis,
657 2277 699 2319 ne
722 2257 968 2343 comprimatur,
993 2258 1052 2321 sed
1074 2257 1193 2321 habeat
1216 2280 1258 2321 ex
1280 2257 1429 2323 omnibus
1452 2256 1497 2321 lo·
1520 2276 1551 2325 15

357 2358 403 2422 cis
427 2359 538 2423 exitus
560 2368 726 2444 separatos
749 2359 820 2421 sine
842 2357 1053 2444 inpeditione.

442 2460 555 2524 Etiam
570 2458 745 2544 diligenter
767 2469 817 2523 est
839 2460 1167 2525 animadvertendum
1189 2483 1230 2524 ne
1252 2463 1295 2526 sit
1318 2462 1406 2527 locus
1431 2483 1499 2524 sur-

358 2561 436 2644 dus,
466 2560 523 2626 sed
551 2570 588 2625 ut
615 2564 649 2626 in
673 2583 709 2625 eo
732 2583 800 2625 vox
821 2583 917 2647 quam
940 2564 1122 2627 clarissime
1146 2564 1261 2647 vagari
1283 2565 1397 2651 possit.
1417 2563 1502 2634 ,hoc

359 2683 437 2727 vero
451 2662 524 2726 fieri
538 2664 585 2726 ita
606 2663 735 2750 poterit,
758 2663 787 2726 si
808 2660 897 2728 locus
921 2662 1043 2728 electus
1066 2664 1166 2729 fuerit
1186 2663 1244 2727 ubi
1265 2688 1331 2729 non
1354 2663 1501 2750 inpedia-

323 2775 412 2835 etur
437 2766 635 2830 resonantia.
684 2785 753 2828 vox
780 2773 891 2829 autem
924 2774 973 2828 est
995 2766 1129 2852 spiritus
1151 2750 1254 2828 fluens
1282 2768 1383 2848 aeris,
1413 2775 1503 2829 tactu
1520 2783 1553 2830 ao

360 2865 538 2931 sensibilis*
556 2866 682 2931 auditu.
738 2887 776 2929 ea
807 2876 958 2931 movetur
991 2865 1185 2931 circulorum
1217 2866 1501 2931 rotundationibus

358 2967 514 3049 infinitis,
542 2970 592 3032 uti
619 2970 648 3033 si
675 2970 709 3032 in
738 2978 879 3033 stantem
900 2990 1019 3054 aquam
1041 2967 1150 3055 lapide
1171 2969 1305 3032 inmisso
1327 2977 1502 3032 nascantur

359 3067 615 3134 innumerabiles
630 3068 791 3133 undarum
814 3068 928 3134 circuli
950 3080 1144 3151 crescentes,
1168 3092 1188 3133 a
1211 3078 1320 3132 centro
1344 3090 1440 3154 quam
1455 3068 1501 3132 la-

358 3172 486 3235 tissime
512 3172 652 3258 possint.
668 3180 863 3256 evagantes,
892 3172 958 3235 nisi
985 3172 1140 3256 angustia
1161 3169 1224 3235 loci
1246 3167 1503 3258 interpellaverit

359 3283 416 3337 aut
449 3271 560 3359 aliqua
587 3273 722 3337 offensio
756 3295 839 3358 quae
867 3296 931 3337 non
963 3274 1088 3360 patitur
1120 3273 1364 3358 designationes
1393 3294 1502 3336 earum
1520 3288 1553 3335 15

359 3373 522 3438 undarum
555 3374 597 3438 ad
631 3376 738 3438 exitus
773 3375 954 3461 pervenire.
1009 3375 1119 3462 itaque
1152 3396 1224 3438 cum
1258 3373 1505 3468 interpellentur

360 3474 611 3558 offensionibus,
643 3478 768 3564 primae
793 3476 1013 3541 redundantes
1043 3477 1284 3563 insequentium
1317 3475 1504 3540 disturbant

430 3737 446 3786 ὃ
467 3734 685 3801 praecinctionis
715 3736 765 3784 GH
788 3735 848 3798 (Le,
876 3750 958 3785 -nee
981 3732 1058 3801 Led).
1085 3731 1098 3801 ll
1126 3736 1142 3783 6
1165 3708 1264 3801 erlient
1282 3737 1439 3802 esuperiore
1459 3732 1504 3796 (ex

361 3821 504 3886 superiore
516 3820 551 3887 L)
565 3825 643 3885 parte
655 3819 677 3870 G
688 3819 749 3884 (L):
769 3820 913 3870 eicientem
926 3820 1094 3886 superiorem
1106 3824 1213 3885 partem
1232 3818 1302 3884 (4)
1315 3821 1344 3869 H
1362 3818 1396 3882 (lc
1408 3829 1433 3869 et
1445 3827 1504 3869 aute

361 3937 432 3972 em.
455 3922 485 3980 11,
509 3921 613 3971 eicient
633 3922 663 3971 in
685 3923 853 3986 superiorem
875 3926 982 3986 partem
1005 3920 1053 3987 pc),
1082 3916 1095 3987 ll
1121 3902 1268 3982 tiedibus
1294 3920 1336 3973 60.
1357 3917 1369 3986 ll
1392 3921 1504 3968 summis

362 4007 434 4057 Joc:
453 4005 511 4055 suis
531 4005 590 4057 GH.
613 4001 625 4073 ll
649 4021 719 4071 quae
738 4011 802 4055 sunt
819 4020 903 4070 supra
922 4003 986 4068 (que
1004 4008 1018 4054 ἕ
1035 4020 1118 4070 supra
1136 4006 1185 4067 J.):
1205 4006 1258 4068 qus
1275 4002 1338 4068 (que
1359 4004 1403 4065 6⁶)
1422 4018 1504 4067 supra

365 4091 393 4153 G,
413 4104 484 4155 quae
504 4103 589 4155 supra
606 4092 636 4139 H
653 4089 708 4153 (lc).
731 4085 744 4155 ΙΙ
768 4092 799 4140 10
822 4089 996 4140 catecumina
1014 4090 1043 4139 H
1062 4089 1127 4153 (ipse
1146 4090 1236 4149 com).
1261 4085 1273 4153 ΙΙ
1303 4089 1334 4135 12
1358 4086 1504 4150 conplures

365 4192 416 4241 GH
434 4188 479 4254 (L,
499 4189 654 4255 cumplures
672 4194 706 4250 lc,
722 4190 757 4241 cfr
775 4190 867 4255 plures
885 4189 921 4254 11).
944 4186 956 4255 ΙΙ
979 4178 1119 4254 spatiosis
1141 4189 1183 4239 Ga
1207 4182 1219 4253 ll
1247 4189 1278 4237 13
1297 4187 1420 4237 derectos
1438 4189 1474 4238 H.
1490 4187 1501 4252 l]

365 4294 396 4340 14
418 4292 480 4341 sine
502 4291 532 4339 le:
551 4292 610 4341 siue
631 4292 682 4342 GH
700 4290 779 4355 (Llc).
800 4286 812 4356 ΙΙ
833 4291 993 4341 demittatur
1011 4293 1079 4340 solus
1099 4290 1141 4341 60.
1156 4283 1169 4353 11
1191 4288 1222 4336 16
1241 4274 1299 4349 srfie
1318 4287 1503 4352 G(ipsecorr.,

364 4408 413 4442 non
433 4389 490 4456 (1⁷0).
513 4387 526 4457 [Ι
549 4394 580 4442 17
599 4378 695 4459 sindus
715 4392 758 4445 G0.
781 4387 792 4457 ΙΙ
816 4394 848 4442 19
866 4392 1033 4458 impediatur
1045 4393 1099 4441 ed:
1119 4388 1296 4453 inpedientur
1309 4390 1360 4438 GH
1372 4388 1445 4450 (Lclr,
1463 4391 1504 4439 in-

365 4477 593 4541 pediebanturl).
620 4473 632 4542 ΙΙ
659 4479 692 4527 20
719 4482 762 4527 est
788 4479 841 4527 ed:
868 4483 899 4525 ut
923 4477 980 4526 GH.
1003 4471 1017 4541 Η
1047 4480 1126 4524 tactu
1153 4490 1211 4537 epo:
1242 4478 1336 4523 etactu
1360 4474 1393 4531 G,
1416 4472 1506 4524 &actu

366 4560 431 4623 (cum
452 4560 476 4610 11
496 4576 546 4624 pao
568 4565 580 4610 t
601 4569 629 4610 111
648 4560 763 4625 suemus)
787 4562 816 4609 H
838 4559 876 4623 (c,
904 4558 926 4608 dr
949 4564 1015 4610 actu
1037 4561 1066 4618 11,
1093 4563 1177 4608 tactu
1200 4561 1209 4607 1
1232 4555 1271 4623 [et
1300 4563 1364 4608 actu
1388 4556 1443 4622 of]‚
1473 4574 1505 4609 ex

367 4645 424 4694 ictu
446 4645 495 4705 L).
522 4642 535 4711 ΙΙ
561 4647 595 4695 24
617 4650 770 4711 evagantes
793 4644 868 4695 Seleu.
898 4642 1013 4707 (Voss.):
1046 4642 1204 4708 &uagantes
1228 4644 1278 4694 GH
1301 4642 1338 4708 (e,
1363 4641 1506 4709 &vagan-

367 4735 409 4779 tes
426 4730 487 4795 Lu).
