3984 5825
648 670 695 715 uu
718 670 984 719 nucfflrucruuu
1009 673 1077 720 ma.
1101 677 1148 721 ru.
1410 665 1467 728 101

322 844 419 909 super
450 824 669 909 inponuntur,
703 824 750 887 ita
782 826 831 887 uti
865 826 899 888 in
927 844 967 888 111
996 825 1161 891 volumine
1193 830 1234 893 dc
1269 835 1467 917 symmetriis

322 925 450 1009 scripsi.

289 1036 303 1082 a
406 1024 467 1089 Sin
487 1035 595 1089 autem
617 1029 798 1113 peripteros
823 1051 859 1092 ea
881 1030 972 1092 aedis
996 1032 1226 1115 constituetur,
1256 1033 1320 1098 duo
1342 1036 1464 1120 gradus

320 1135 352 1191 et
374 1125 541 1214 stylobata
563 1127 605 1192 ab
627 1130 692 1194 imo
714 1131 967 1212 constituantur,
997 1131 1116 1196 deinde
1139 1131 1239 1196 cellae
1260 1138 1367 1221 paries
1391 1159 1465 1201 con-

317 1227 445 1292 locetur
459 1249 532 1291 eum
554 1250 684 1294 recessu
706 1232 774 1294 eius
796 1254 816 1294 a
838 1230 1004 1319 stylobata
1027 1235 1111 1297 circa
1133 1244 1261 1322 partem
1283 1236 1499 1316 latitudinisc

318 1332 467 1415 quintam
474 1379 497 1412 ,.
518 1329 689 1417 medioque
718 1332 890 1396 valvarum
918 1333 1007 1398 locus
1035 1335 1077 1398 ad
1110 1336 1218 1401 aditus
1250 1337 1463 1424 relinquatur,

318 1454 421 1519 eaque
455 1430 536 1496 cella
568 1443 692 1497 tautam
724 1433 843 1498 habeat
874 1433 1068 1500 diametrum
1099 1448 1229 1522 praeter
1261 1441 1402 1525 parietes
1433 1454 1464 1506 et

317 1534 576 1598 circumitionem
604 1545 756 1620 quantam
783 1535 991 1599 altitudinem
1019 1537 1168 1602 columna
1190 1562 1293 1625 ¹supra
1321 1540 1462 1627 styloba-

315 1645 393 1699 tam.
438 1634 606 1701 columnae
633 1637 755 1699 circum
777 1635 891 1701 cellam
912 1637 1017 1701 isdem
1039 1641 1302 1725 proportionibus
1324 1665 1461 1729 symme-

281 1737 456 1822 ³triisque
483 1737 707 1823 disponantur.
756 1740 792 1801 in
818 1739 925 1802 medio
952 1742 1030 1802 tecti
1058 1741 1142 1803 ratio
1165 1741 1211 1804 ita
1232 1742 1391 1807 habeatur
1413 1746 1461 1808 uti
1481 1755 1513 1805 10

315 1847 437 1924 quanta
464 1838 641 1902 diametros
669 1842 769 1904 totius
797 1840 903 1926 operis
931 1843 993 1904 erit
1020 1840 1130 1905 futura
1157 1842 1294 1906 dimidia
1320 1843 1461 1909 altitudo

313 1939 374 2004 fiat
393 1938 477 2004 tholi
495 1949 625 2025 praeter
646 1940 776 2023 florem,
800 1941 859 2005 flos
881 1952 989 2005 autem
1012 1952 1136 2006 tantam
1159 1943 1276 2008 habeat
1298 1947 1458 2029 magnitu-

312 2041 426 2105 dinem
448 2051 603 2129 quantam
617 2041 767 2107 habuerit
782 2043 816 2106 in
831 2042 979 2106 columna
996 2043 1188 2129 capitulum,
1212 2055 1342 2131 praeter
1361 2070 1457 2135 pyra-

312 2142 447 2208 midem.
491 2141 617 2230 reliqua
642 2145 692 2208 uti
721 2166 819 2230 supra
846 2145 968 2231 scripta
997 2155 1089 2226 sunt,
1119 2148 1165 2209 eis
1193 2147 1457 2232 proportionibus

311 2254 411 2331 atque
433 2245 631 2329 symmetriis
654 2244 804 2308 facienda
826 2245 989 2309 videntur.
1477 2261 1508 2309 15

274 2353 291 2400 4
396 2344 482 2409 Item
503 2345 677 2430 generibus
698 2345 772 2410 aliis
795 2347 1036 2412 constituuntur
1056 2349 1154 2412 aedes
1179 2371 1220 2413 ex
1241 2350 1347 2414 isdem
1370 2374 1456 2436 sym·

310 2448 439 2512 metriis
468 2446 634 2512 ordinatae
664 2460 696 2511 et
723 2447 787 2512 alio
808 2458 927 2534 genere
949 2449 1180 2534 dispositiones
1202 2451 1376 2534 habentes,
1408 2455 1457 2516 uti

310 2560 363 2612 est
385 2548 531 2613 Castoris
553 2550 588 2613 in
610 2549 705 2613 Circo
729 2548 906 2631 Flaminio,
931 2560 963 2613 et
985 2551 1070 2614 iuter
1092 2550 1173 2616 duos
1196 2550 1284 2618 lucos
1307 2553 1454 2634 Veiovis,

309 2652 391 2714 item
423 2652 572 2736 argutius
599 2651 733 2714 Nemori
762 2651 889 2715 Dianae
920 2650 1077 2716 columnis
1106 2652 1242 2717 adiectis
1271 2655 1389 2718 dextra
1417 2677 1454 2718 ac
1538 2650 1542 2658 ¹

308 2752 446 2817 sinistra
472 2750 515 2815 ad
541 2773 668 2816 umeros
696 2753 820 2840 pronai.
869 2752 930 2816 hoc
951 2763 1059 2816 autem
1081 2775 1200 2838 genere
1222 2757 1327 2841 primo
1349 2755 1454 2820 factae
1473 2767 1506 2814 ‘20
1588 2762 1592 2777 '

309 2863 389 2919 suut
408 2855 459 2919 uti
481 2864 530 2918 est
552 2853 697 2920 Castoris
720 2856 755 2918 in
777 2853 887 2937 Circo,
916 2854 1056 2935 Athenis
1078 2856 1113 2917 in
1135 2877 1209 2918 arce
1232 2866 1263 2919 et
1285 2857 1320 2919 in
1342 2857 1455 2921 Attica

308 2957 412 3021 Sunio
433 2954 579 3020 Palladis
600 2955 781 3020 Minervae.
821 2978 930 3019 earum
951 2978 1017 3018 non
1038 2956 1121 3019 aliae
1144 2957 1200 3020 sed
1223 2958 1356 3019 eaedem
1378 2973 1455 3021 sunt

307 3060 545 3144 proportiones.
600 3056 701 3121 cellae
733 3060 817 3121 euim
846 3055 1105 3142 longitudinibus
1134 3057 1280 3144 duplices
1308 3066 1383 3121 sunt
1409 3058 1452 3121 ad

308 3158 500 3224 latitudines
529 3160 578 3224 uti
605 3154 749 3246 reliquae
755 3209 764 3242 ,
793 3159 849 3222 sed
878 3160 906 3222 is
940 3158 1048 3222 omnia
1076 3180 1158 3243 quae
1186 3156 1291 3222 solent
1319 3180 1389 3221 esse
1417 3160 1451 3222 in

269 3258 487 3341 sfrontibus,
515 3258 559 3323 ad
588 3259 690 3325 latera
718 3270 793 3324 sunt
823 3259 989 3324 translata.
1040 3259 1186 3325 nonnulli
1208 3260 1306 3324 etiam
1333 3258 1374 3323 de
1400 3270 1450 3325 tu·
1469 3271 1501 3318 ‘25

306 3363 447 3426 scenicis
469 3361 642 3445 generibus
665 3369 829 3426 sumentes
851 3358 1072 3425 columnarum
1094 3360 1324 3449 dispositiones
1345 3372 1450 3427 trans-

306 3462 417 3527 ferunt
444 3462 480 3525 iu
513 3462 745 3527 corinthiorum
777 3472 809 3525 et
838 3463 1015 3527 ionicorum
1051 3484 1184 3549 operum
1216 3461 1449 3545 ordinationes,

375 3757 389 3803 1
410 3754 492 3805 tertio
511 3754 565 3818 (111
582 3754 640 3820 epo)
659 3756 700 3807 ed.
718 3754 771 3803 rt:
791 3758 888 3819 quarto
909 3754 967 3805 GH.
982 3748 995 3819 11
1017 3756 1033 3803 3
1052 3754 1140 3803 aedis:
1165 3753 1248 3805 aedes
1268 3755 1327 3804 GH.
1347 3750 1389 3822 116
1407 3772 1448 3805 re·

304 3839 448 3905 linquatur
465 3835 591 3902 (—a¹‘,1tur
610 3837 669 3903 Gv):
689 3833 879 3903 relinquadtur
899 3838 950 3886 GH
967 3835 1047 3901 (Llc).
1069 3834 1080 3903 11
1105 3840 1118 3887 7
1139 3835 1246 3889 tantam
1265 3837 1319 3889 edi:
1342 3843 1447 3889 tantum

307 3924 366 3978 GH.
382 3918 395 3989 11
411 3926 427 3974 9
444 3923 666 3989 proportionibus
678 3924 738 3976 add.
753 3924 793 3972 ed.
813 3919 850 3985 (11²
862 3921 992 3981 interlin„
1011 3938 1073 3980 rec,
1092 3924 1158 3971 sicut
1174 3924 1244 3985 infra
1262 3926 1296 3971 14
1308 3928 1334 3971 et
1344 3939 1372 3985 p.
1388 3925 1446 3984 102,

306 4007 341 4071 ὅ).
376 4006 485 4058 hisdem
507 4007 673 4074 symmetriis
696 4021 749 4071 que
777 4004 840 4072 (que
859 4005 918 4070 GL)
937 4005 1008 4071 disp.
1033 4006 1083 4055 GH
1107 4005 1185 4069 (Δία).
1212 4004 1223 4071 11
1250 4008 1281 4054 12
1304 4008 1397 4053 autem
1419 4005 1448 4052 H

306 4091 390 4154 (Llc):
416 4092 489 4161 enim
513 4094 542 4144 6.
566 4089 580 4159 11
604 4092 706 4141 habeat
727 4091 817 4141 Llrll⁶z
844 4089 930 4140 habet
953 4087 1042 4152 (-b&
1060 4089 1099 4155 H)
1124 4090 1174 4139 GH
1192 4089 1237 4155 (Ιι).
1260 4085 1272 4155 11
1300 4091 1331 4138 13
1353 4088 1383 4137 in
1401 4103 1445 4137 co·

304 4175 399 4227 lumua
416 4178 480 4229 Lor.
499 4172 588 4242 (reah
608 4177 637 4225 in
656 4176 799 4225 columnae
813 4173 892 4239 (—ue
908 4169 913 4239 Ι
930 4173 962 4238 G)
982 4173 1034 4223 GH
1055 4169 1143 4238 [—uis
1163 4170 1200 4237 f].
1225 4170 1237 4238 11
1261 4175 1292 4222 14
1318 4172 1358 4221 eis
1376 4172 1446 4221 Pon·

305 4280 426 4329 ledaea
446 4278 505 4329 GH.
528 4274 539 4339 11
564 4279 595 4326 15
617 4267 746 4342 facrend⁸e
766 4276 808 4325 6⁶.
831 4271 843 4341 11
867 4276 898 4325 18
916 4275 1045 4324 flamineo
1067 4280 1126 4323 onte
1148 4288 1201 4323 ror.
1222 4270 1302 4335 611).
1330 4268 1343 4338 11
1369 4271 1445 4321 luco·

305 4360 444 4427 melioris
462 4362 484 4411 G
502 4358 641 4441 (lucovpue
660 4359 715 4425 60),
734 4356 936 4423 lucosueliovis
954 4359 982 4407 H
995 4356 1116 4420 (lucosve
1135 4355 1287 4420 iovisLlc).
1311 4353 1323 4421 11
1348 4358 1378 4405 19
1397 4370 1444 4405 ue·

306 4463 385 4515 mori:
404 4464 443 4513 ric
462 4463 520 4513 GH.
544 4459 555 4528 11
578 4464 612 4511 20
633 4461 728 4511 factae
752 4467 815 4511 suut
837 4462 914 4511 Lora
939 4459 1017 4508 facta
1036 4462 1078 4506 est
1097 4456 1122 4520 (e
1141 4455 1172 4518 G)
1198 4457 1256 4506 GH.
1279 4452 1291 4521 11
1314 4458 1346 4504 22
1365 4455 1444 4504 sunio

309 4547 370 4597 ⁶11:
391 4547 471 4599 Sunii
488 4548 529 4597 ed.
552 4542 564 4613 11
588 4545 702 4596 eaedem
720 4544 791 4610 (Gc):
815 4543 911 4594 eadem
935 4542 986 4592 GH
1010 4538 1089 4603 (Llc).
1110 4537 1122 4605 11
1142 4542 1175 4590 24
1192 4538 1355 4589 latitudines
1372 4539 1442 4589 doc:

307 4630 471 4682 altitudines
492 4631 550 4683 GH.
572 4626 584 4697 11
607 4628 738 4694 reliquae,
756 4628 803 4678 sed
822 4629 845 4677 is
864 4626 954 4677 omnia
973 4621 1093 4689 (reliqua
1112 4640 1147 4674 ex
1164 4624 1217 4687 his,
1235 4622 1326 4674 omnia
1347 4622 1443 4672 Turne·

307 4695 512 4780 buareliqub‘e,
531 4718 560 4765 et
576 4714 620 4764 his
638 4713 730 4763 omnia
748 4711 843 4774 Mari:
863 4709 970 4774 reliqua
988 4709 1102 4760 exisona
1122 4708 1180 4758 GH.
