<?xml version="1.0" encoding="UTF-8"?>
<!DOCTYPE html PUBLIC "-//W3C//DTD XHTML 1.0 Transitional//EN"
    "http://www.w3.org/TR/xhtml1/DTD/xhtml1-transitional.dtd">
<html xmlns="http://www.w3.org/1999/xhtml" xml:lang="en" lang="en">
 <head>
  <title>
</title>
<meta http-equiv="Content-Type" content="text/html;charset=utf-8" />
  <meta name='ocr-system' content='tesseract 3.04.00' />
  <meta name='ocr-capabilities' content='ocr_page ocr_carea ocr_par ocr_line ocrx_word'/>
</head>
<body>
  <div class='ocr_page' id='page_1' title='image "./vitruviidearchi00strgoog_0048.png"; bbox 0 0 3984 5825; ppageno 0'>
   <div class='ocr_carea' id='block_1_1' title="bbox 646 654 1452 718">
    <p class='ocr_par' dir='ltr' id='par_1_1' title="bbox 646 654 1452 718">
     <span class='ocr_line' id='line_1_1' title="bbox 646 654 1452 718; baseline 0.002 -3"><span class='ocrx_word' id='word_1_1' title='bbox 646 669 693 716; x_wconf 83' lang='lat' dir='ltr'><strong>nn</strong></span> <span class='ocrx_word' id='word_1_2' title='bbox 716 669 982 717; x_wconf 76' lang='lat' dir='ltr'><strong>sucurrncruns</strong></span> <span class='ocrx_word' id='word_1_3' title='bbox 1007 671 1075 718; x_wconf 78' lang='lat' dir='ltr'><strong>nus.</strong></span> <span class='ocrx_word' id='word_1_4' title='bbox 1099 671 1121 716; x_wconf 93' lang='lat'><strong>1.</strong></span> <span class='ocrx_word' id='word_1_5' title='bbox 1411 654 1452 718; x_wconf 73' lang='lat'><strong>29</strong></span> 
     </span>
    </p>
   </div>
   <div class='ocr_carea' id='block_1_2' title="bbox 260 820 1548 3227">
    <p class='ocr_par' dir='ltr' id='par_1_2' title="bbox 309 820 1453 910">
     <span class='ocr_line' id='line_1_2' title="bbox 309 820 1453 910; baseline -0.002 -24"><span class='ocrx_word' id='word_1_6' title='bbox 309 840 332 886; x_wconf 83' lang='grc' dir='ltr'><strong>Ε</strong></span> <span class='ocrx_word' id='word_1_7' title='bbox 354 831 387 886; x_wconf 90' lang='lat' dir='ltr'><strong>et</strong></span> <span class='ocrx_word' id='word_1_8' title='bbox 408 839 440 885; x_wconf 78' lang='grc' dir='ltr'><strong>Η.</strong></span> <span class='ocrx_word' id='word_1_9' title='bbox 484 822 562 886; x_wconf 90' lang='lat' dir='ltr'><strong>haec</strong></span> <span class='ocrx_word' id='word_1_10' title='bbox 585 820 670 885; x_wconf 88' lang='lat' dir='ltr'><strong>linea</strong></span> <span class='ocrx_word' id='word_1_11' title='bbox 692 824 754 887; x_wconf 91' lang='lat' dir='ltr'><strong>erit</strong></span> <span class='ocrx_word' id='word_1_12' title='bbox 776 822 877 886; x_wconf 84' lang='lat' dir='ltr'>index</span> <span class='ocrx_word' id='word_1_13' title='bbox 903 823 1103 886; x_wconf 75' lang='lat' dir='ltr'><strong>meridianae</strong></span> <span class='ocrx_word' id='word_1_14' title='bbox 1131 832 1162 886; x_wconf 90' lang='lat' dir='ltr'><strong>et</strong></span> <span class='ocrx_word' id='word_1_15' title='bbox 1191 820 1453 910; x_wconf 86' lang='lat' dir='ltr'><strong>septentrionalis</strong></span> 
     </span>
    </p>

    <p class='ocr_par' dir='ltr' id='par_1_3' title="bbox 260 922 1488 1723">
     <span class='ocr_line' id='line_1_3' title="bbox 260 922 1453 1012; baseline -0.002 -24"><span class='ocrx_word' id='word_1_16' title='bbox 260 943 291 990; x_wconf 86' lang='lat'><strong>13</strong></span> <span class='ocrx_word' id='word_1_17' title='bbox 310 925 465 1008; x_wconf 85' lang='lat' dir='ltr'><strong>regionis.</strong></span> <span class='ocrx_word' id='word_1_18' title='bbox 509 933 586 988; x_wconf 90' lang='lat' dir='ltr'><strong>tunc</strong></span> <span class='ocrx_word' id='word_1_19' title='bbox 608 924 729 989; x_wconf 78' lang='lat' dir='ltr'>circino</span> <span class='ocrx_word' id='word_1_20' title='bbox 751 926 850 989; x_wconf 86' lang='lat' dir='ltr'><strong>totius</strong></span> <span class='ocrx_word' id='word_1_21' title='bbox 873 922 1112 989; x_wconf 82' lang='lat' dir='ltr'><strong>rotundationis</strong></span> <span class='ocrx_word' id='word_1_22' title='bbox 1135 923 1291 988; x_wconf 89' lang='lat' dir='ltr'><strong>sumenda</strong></span> <span class='ocrx_word' id='word_1_23' title='bbox 1313 934 1453 1012; x_wconf 87' lang='lat' dir='ltr'><strong>estpars</strong></span> 
     </span>
     <span class='ocr_line' id='line_1_4' title="bbox 309 1024 1455 1113; baseline -0.002 -23"><span class='ocrx_word' id='word_1_24' title='bbox 309 1025 414 1107; x_wconf 87' lang='lat' dir='ltr'>XVI,</span> <span class='ocrx_word' id='word_1_25' title='bbox 444 1026 621 1112; x_wconf 82' lang='lat' dir='ltr'><strong>circinique</strong></span> <span class='ocrx_word' id='word_1_26' title='bbox 648 1036 796 1090; x_wconf 76' lang='lat' dir='ltr'><strong>centrum</strong></span> <span class='ocrx_word' id='word_1_27' title='bbox 818 1025 1004 1113; x_wconf 89' lang='lat' dir='ltr'><strong>ponendum</strong></span> <span class='ocrx_word' id='word_1_28' title='bbox 1028 1036 1077 1090; x_wconf 87' lang='lat' dir='ltr'><strong>est</strong></span> <span class='ocrx_word' id='word_1_29' title='bbox 1099 1027 1133 1090; x_wconf 91' lang='lat' dir='ltr'><strong>in</strong></span> <span class='ocrx_word' id='word_1_30' title='bbox 1161 1025 1341 1089; x_wconf 87' lang='lat' dir='ltr'><strong>meridiana</strong></span> <span class='ocrx_word' id='word_1_31' title='bbox 1368 1024 1455 1109; x_wconf 87' lang='lat' dir='ltr'><strong>linea</strong></span> 
     </span>
     <span class='ocr_line' id='line_1_5' title="bbox 310 1126 1454 1213; baseline -0.001 -22"><span class='ocrx_word' id='word_1_32' title='bbox 310 1150 374 1213; x_wconf 89' lang='lat' dir='ltr'><strong>qua</strong></span> <span class='ocrx_word' id='word_1_33' title='bbox 401 1128 509 1211; x_wconf 85' lang='lat' dir='ltr'><strong>tangit</strong></span> <span class='ocrx_word' id='word_1_34' title='bbox 535 1127 797 1192; x_wconf 86' lang='lat' dir='ltr'><strong>rotundationem</strong></span> <span class='ocrx_word' id='word_1_35' title='bbox 826 1127 884 1193; x_wconf 85' lang='lat' dir='ltr'><strong>ubi</strong></span> <span class='ocrx_word' id='word_1_36' title='bbox 911 1138 961 1192; x_wconf 88' lang='lat' dir='ltr'><strong>est</strong></span> <span class='ocrx_word' id='word_1_37' title='bbox 975 1127 1098 1200; x_wconf 79' lang='lat' dir='ltr'><strong>,littera</strong></span> <span class='ocrx_word' id='word_1_38' title='bbox 1126 1146 1163 1210; x_wconf 80' lang='grc' dir='ltr'>Ε,</span> <span class='ocrx_word' id='word_1_39' title='bbox 1200 1138 1232 1191; x_wconf 93' lang='lat' dir='ltr'><strong>et</strong></span> <span class='ocrx_word' id='word_1_40' title='bbox 1258 1126 1454 1212; x_wconf 86' lang='lat' dir='ltr'><strong>signandum</strong></span> 
     </span>
     <span class='ocr_line' id='line_1_6' title="bbox 311 1227 1488 1315; baseline -0.001 -23"><span class='ocrx_word' id='word_1_41' title='bbox 311 1229 430 1293; x_wconf 84' lang='lat' dir='ltr'><strong>dextra</strong></span> <span class='ocrx_word' id='word_1_42' title='bbox 457 1249 495 1292; x_wconf 88' lang='lat' dir='ltr'><strong>ac</strong></span> <span class='ocrx_word' id='word_1_43' title='bbox 523 1231 657 1294; x_wconf 88' lang='lat' dir='ltr'><strong>sinistra</strong></span> <span class='ocrx_word' id='word_1_44' title='bbox 684 1230 742 1294; x_wconf 91' lang='lat' dir='ltr'><strong>ubi</strong></span> <span class='ocrx_word' id='word_1_45' title='bbox 770 1240 865 1294; x_wconf 91' lang='lat' dir='ltr'><strong>erunt</strong></span> <span class='ocrx_word' id='word_1_46' title='bbox 892 1227 1022 1294; x_wconf 85' lang='lat' dir='ltr'><strong>litterae</strong></span> <span class='ocrx_word' id='word_1_47' title='bbox 1045 1245 1068 1292; x_wconf 84' lang='lat' dir='ltr'><strong>e</strong></span> <span class='ocrx_word' id='word_1_48' title='bbox 1088 1248 1123 1292; x_wconf 89' lang='grc' dir='ltr'>Η.</span> <span class='ocrx_word' id='word_1_49' title='bbox 1167 1231 1247 1292; x_wconf 92' lang='lat' dir='ltr'><strong>item</strong></span> <span class='ocrx_word' id='word_1_50' title='bbox 1268 1229 1302 1293; x_wconf 93' lang='lat' dir='ltr'><strong>in</strong></span> <span class='ocrx_word' id='word_1_51' title='bbox 1325 1238 1488 1315; x_wconf 84' lang='lat' dir='ltr'><strong>septen-5</strong></span> 
     </span>
     <span class='ocr_line' id='line_1_7' title="bbox 308 1328 1455 1419; baseline -0.003 -25"><span class='ocrx_word' id='word_1_52' title='bbox 308 1328 442 1395; x_wconf 88' lang='lat' dir='ltr'><strong>trionali</strong></span> <span class='ocrx_word' id='word_1_53' title='bbox 470 1341 563 1416; x_wconf 89' lang='lat' dir='ltr'><strong>parte</strong></span> <span class='ocrx_word' id='word_1_54' title='bbox 590 1341 736 1395; x_wconf 84' lang='lat' dir='ltr'><strong>centrum</strong></span> <span class='ocrx_word' id='word_1_55' title='bbox 765 1332 879 1395; x_wconf 89' lang='lat' dir='ltr'><strong>circini</strong></span> <span class='ocrx_word' id='word_1_56' title='bbox 906 1332 1093 1419; x_wconf 91' lang='lat' dir='ltr'><strong>ponendum</strong></span> <span class='ocrx_word' id='word_1_57' title='bbox 1115 1333 1148 1394; x_wconf 93' lang='lat' dir='ltr'><strong>in</strong></span> <span class='ocrx_word' id='word_1_58' title='bbox 1171 1330 1400 1395; x_wconf 84' lang='lat' dir='ltr'><strong>rotundatione</strong></span> <span class='ocrx_word' id='word_1_59' title='bbox 1423 1338 1455 1392; x_wconf 89' lang='lat' dir='ltr'><strong>et</strong></span> 
     </span>
     <span class='ocr_line' id='line_1_8' title="bbox 309 1430 1456 1518; baseline -0.003 -22"><span class='ocrx_word' id='word_1_60' title='bbox 309 1431 558 1518; x_wconf 86' lang='lat' dir='ltr'><strong>septentrionali</strong></span> <span class='ocrx_word' id='word_1_61' title='bbox 584 1431 670 1515; x_wconf 78' lang='lat' dir='ltr'><strong>linea</strong></span> <span class='ocrx_word' id='word_1_62' title='bbox 696 1431 754 1497; x_wconf 95' lang='lat' dir='ltr'><strong>ubi</strong></span> <span class='ocrx_word' id='word_1_63' title='bbox 784 1442 833 1497; x_wconf 88' lang='lat' dir='ltr'><strong>est</strong></span> <span class='ocrx_word' id='word_1_64' title='bbox 860 1432 970 1497; x_wconf 88' lang='lat' dir='ltr'><strong>littera</strong></span> <span class='ocrx_word' id='word_1_65' title='bbox 992 1451 1030 1516; x_wconf 80' lang='grc' dir='ltr'><strong>Η,</strong></span> <span class='ocrx_word' id='word_1_66' title='bbox 1059 1442 1091 1495; x_wconf 88' lang='lat' dir='ltr'><strong>et</strong></span> <span class='ocrx_word' id='word_1_67' title='bbox 1112 1431 1309 1516; x_wconf 86' lang='lat' dir='ltr'><strong>signandum</strong></span> <span class='ocrx_word' id='word_1_68' title='bbox 1338 1430 1456 1495; x_wconf 85' lang='lat' dir='ltr'><strong>dextra</strong></span> 
     </span>
     <span class='ocr_line' id='line_1_9' title="bbox 308 1531 1454 1614; baseline -0.003 -18"><span class='ocrx_word' id='word_1_69' title='bbox 308 1555 347 1596; x_wconf 89' lang='lat' dir='ltr'><strong>ac</strong></span> <span class='ocrx_word' id='word_1_70' title='bbox 371 1533 504 1597; x_wconf 88' lang='lat' dir='ltr'><strong>sinistra</strong></span> <span class='ocrx_word' id='word_1_71' title='bbox 531 1533 588 1597; x_wconf 92' lang='lat' dir='ltr'><strong>ubi</strong></span> <span class='ocrx_word' id='word_1_72' title='bbox 615 1543 691 1598; x_wconf 89' lang='lat' dir='ltr'><strong>sunt</strong></span> <span class='ocrx_word' id='word_1_73' title='bbox 719 1531 848 1598; x_wconf 89' lang='lat' dir='ltr'><strong>litterae</strong></span> <span class='ocrx_word' id='word_1_74' title='bbox 870 1551 882 1597; x_wconf 93' lang='lat'>1</span> <span class='ocrx_word' id='word_1_75' title='bbox 906 1545 939 1597; x_wconf 92' lang='lat' dir='ltr'><strong>et</strong></span> <span class='ocrx_word' id='word_1_76' title='bbox 961 1552 1001 1614; x_wconf 84' lang='lat' dir='ltr'><strong>K,</strong></span> <span class='ocrx_word' id='word_1_77' title='bbox 1031 1543 1063 1597; x_wconf 88' lang='lat' dir='ltr'><strong>et</strong></span> <span class='ocrx_word' id='word_1_78' title='bbox 1090 1532 1132 1597; x_wconf 92' lang='lat' dir='ltr'><strong>ab</strong></span> <span class='ocrx_word' id='word_1_79' title='bbox 1155 1549 1179 1596; x_wconf 78' lang='lat' dir='ltr'><strong>e</strong></span> <span class='ocrx_word' id='word_1_80' title='bbox 1200 1532 1243 1596; x_wconf 90' lang='lat' dir='ltr'><strong>ad</strong></span> <span class='ocrx_word' id='word_1_81' title='bbox 1264 1551 1290 1595; x_wconf 86' lang='grc' dir='ltr'>Η</span> <span class='ocrx_word' id='word_1_82' title='bbox 1312 1543 1344 1595; x_wconf 88' lang='lat' dir='ltr'><strong>et</strong></span> <span class='ocrx_word' id='word_1_83' title='bbox 1365 1531 1407 1596; x_wconf 88' lang='lat' dir='ltr'><strong>ab</strong></span> <span class='ocrx_word' id='word_1_84' title='bbox 1429 1550 1454 1594; x_wconf 99' lang='grc' dir='ltr'>Η</span> 
     </span>
     <span class='ocr_line' id='line_1_10' title="bbox 309 1633 1454 1723; baseline -0.003 -26"><span class='ocrx_word' id='word_1_85' title='bbox 309 1633 353 1697; x_wconf 84' lang='lat' dir='ltr'><strong>ad</strong></span> <span class='ocrx_word' id='word_1_86' title='bbox 374 1653 387 1698; x_wconf 93' lang='lat'>1</span> <span class='ocrx_word' id='word_1_87' title='bbox 409 1655 469 1721; x_wconf 90' lang='lat' dir='ltr'><strong>per</strong></span> <span class='ocrx_word' id='word_1_88' title='bbox 489 1645 635 1700; x_wconf 84' lang='lat' dir='ltr'><strong>centrum</strong></span> <span class='ocrx_word' id='word_1_89' title='bbox 657 1633 762 1699; x_wconf 90' lang='lat' dir='ltr'><strong>lineae</strong></span> <span class='ocrx_word' id='word_1_90' title='bbox 785 1634 1022 1723; x_wconf 89' lang='lat' dir='ltr'><strong>perducendae.</strong></span> <span class='ocrx_word' id='word_1_91' title='bbox 1067 1635 1113 1699; x_wconf 90' lang='lat' dir='ltr'><strong>ita</strong></span> <span class='ocrx_word' id='word_1_92' title='bbox 1134 1635 1219 1720; x_wconf 92' lang='lat' dir='ltr'><strong>quod</strong></span> <span class='ocrx_word' id='word_1_93' title='bbox 1235 1635 1297 1698; x_wconf 90' lang='lat' dir='ltr'><strong>erit</strong></span> <span class='ocrx_word' id='word_1_94' title='bbox 1312 1635 1454 1720; x_wconf 87' lang='lat' dir='ltr'><strong>spatium</strong></span> 
     </span>
    </p>

    <p class='ocr_par' dir='ltr' id='par_1_4' title="bbox 307 1732 1548 3227">
     <span class='ocr_line' id='line_1_11' title="bbox 309 1732 1520 1824; baseline 0 -26"><span class='ocrx_word' id='word_1_95' title='bbox 309 1735 352 1799; x_wconf 88' lang='lat' dir='ltr'><strong>ab</strong></span> <span class='ocrx_word' id='word_1_96' title='bbox 376 1752 399 1799; x_wconf 79' lang='lat' dir='ltr'><strong>o</strong></span> <span class='ocrx_word' id='word_1_97' title='bbox 421 1735 465 1799; x_wconf 92' lang='lat' dir='ltr'><strong>ad</strong></span> <span class='ocrx_word' id='word_1_98' title='bbox 487 1755 528 1819; x_wconf 92' lang='grc' dir='ltr'><strong>Η,</strong></span> <span class='ocrx_word' id='word_1_99' title='bbox 559 1739 621 1801; x_wconf 91' lang='lat' dir='ltr'><strong>erit</strong></span> <span class='ocrx_word' id='word_1_100' title='bbox 649 1739 790 1824; x_wconf 86' lang='lat' dir='ltr'><strong>spatium</strong></span> <span class='ocrx_word' id='word_1_101' title='bbox 818 1737 909 1801; x_wconf 91' lang='lat' dir='ltr'><strong>venti</strong></span> <span class='ocrx_word' id='word_1_102' title='bbox 935 1737 1041 1800; x_wconf 86' lang='lat' dir='ltr'><strong>austri</strong></span> <span class='ocrx_word' id='word_1_103' title='bbox 1064 1747 1096 1800; x_wconf 90' lang='lat' dir='ltr'><strong>et</strong></span> <span class='ocrx_word' id='word_1_104' title='bbox 1118 1736 1221 1823; x_wconf 85' lang='lat' dir='ltr'><strong>partis</strong></span> <span class='ocrx_word' id='word_1_105' title='bbox 1243 1734 1452 1815; x_wconf 88' lang='lat' dir='ltr'><strong>meridianae,</strong></span> <span class='ocrx_word' id='word_1_106' title='bbox 1474 1732 1520 1798; x_wconf 83' lang='lat' dir='ltr'><strong>ro&#39;</strong></span> 
     </span>
     <span class='ocr_line' id='line_1_12' title="bbox 311 1833 1453 1927; baseline -0.003 -27"><span class='ocrx_word' id='word_1_107' title='bbox 311 1837 390 1900; x_wconf 90' lang='lat' dir='ltr'><strong>item</strong></span> <span class='ocrx_word' id='word_1_108' title='bbox 413 1836 501 1924; x_wconf 92' lang='lat' dir='ltr'><strong>quod</strong></span> <span class='ocrx_word' id='word_1_109' title='bbox 524 1840 586 1902; x_wconf 88' lang='lat' dir='ltr'><strong>erit</strong></span> <span class='ocrx_word' id='word_1_110' title='bbox 608 1839 750 1927; x_wconf 88' lang='lat' dir='ltr'><strong>spatium</strong></span> <span class='ocrx_word' id='word_1_111' title='bbox 772 1837 814 1902; x_wconf 85' lang='lat' dir='ltr'><strong>ab</strong></span> <span class='ocrx_word' id='word_1_112' title='bbox 837 1856 850 1901; x_wconf 93' lang='lat'>1</span> <span class='ocrx_word' id='word_1_113' title='bbox 872 1837 915 1900; x_wconf 87' lang='lat' dir='ltr'><strong>ad</strong></span> <span class='ocrx_word' id='word_1_114' title='bbox 937 1855 978 1920; x_wconf 84' lang='grc' dir='ltr'><strong>Η,</strong></span> <span class='ocrx_word' id='word_1_115' title='bbox 1009 1839 1071 1903; x_wconf 90' lang='lat' dir='ltr'><strong>erit</strong></span> <span class='ocrx_word' id='word_1_116' title='bbox 1093 1838 1335 1924; x_wconf 88' lang='lat' dir='ltr'><strong>septentrionis.</strong></span> <span class='ocrx_word' id='word_1_117' title='bbox 1379 1833 1453 1899; x_wconf 91' lang='lat' dir='ltr'><strong>reli-</strong></span> 
     </span>
     <span class='ocr_line' id='line_1_13' title="bbox 311 1936 1455 2025; baseline -0.004 -22"><span class='ocrx_word' id='word_1_118' title='bbox 311 1960 394 2025; x_wconf 89' lang='lat' dir='ltr'><strong>quae</strong></span> <span class='ocrx_word' id='word_1_119' title='bbox 427 1949 536 2024; x_wconf 88' lang='lat' dir='ltr'><strong>partes</strong></span> <span class='ocrx_word' id='word_1_120' title='bbox 571 1938 688 2003; x_wconf 87' lang='lat' dir='ltr'><strong>dextra</strong></span> <span class='ocrx_word' id='word_1_121' title='bbox 720 1951 786 2005; x_wconf 91' lang='lat' dir='ltr'><strong>tres</strong></span> <span class='ocrx_word' id='word_1_122' title='bbox 818 1962 856 2003; x_wconf 89' lang='lat' dir='ltr'><strong>ac</strong></span> <span class='ocrx_word' id='word_1_123' title='bbox 885 1942 1019 2004; x_wconf 89' lang='lat' dir='ltr'><strong>sinistra</strong></span> <span class='ocrx_word' id='word_1_124' title='bbox 1052 1950 1118 2004; x_wconf 87' lang='lat' dir='ltr'><strong>tres</strong></span> <span class='ocrx_word' id='word_1_125' title='bbox 1152 1936 1351 2003; x_wconf 89' lang='lat' dir='ltr'><strong>dividendae</strong></span> <span class='ocrx_word' id='word_1_126' title='bbox 1379 1946 1455 2000; x_wconf 87' lang='lat' dir='ltr'><strong>sunt</strong></span> 
     </span>
     <span class='ocr_line' id='line_1_14' title="bbox 309 2038 1548 2129; baseline -0.004 -27"><span class='ocrx_word' id='word_1_127' title='bbox 309 2038 506 2126; x_wconf 85' lang='lat' dir='ltr'><strong>aequaliter,</strong></span> <span class='ocrx_word' id='word_1_128' title='bbox 534 2054 615 2128; x_wconf 88' lang='lat' dir='ltr'><strong>qu&#39;ac</strong></span> <span class='ocrx_word' id='word_1_129' title='bbox 638 2041 779 2107; x_wconf 91' lang='lat' dir='ltr'><strong>suntad</strong></span> <span class='ocrx_word' id='word_1_130' title='bbox 802 2043 959 2106; x_wconf 86' lang='lat' dir='ltr'><strong>orientem</strong></span> <span class='ocrx_word' id='word_1_131' title='bbox 980 2044 1016 2106; x_wconf 91' lang='lat' dir='ltr'><strong>in</strong></span> <span class='ocrx_word' id='word_1_132' title='bbox 1039 2041 1157 2129; x_wconf 84' lang='lat' dir='ltr'><strong>quibus</strong></span> <span class='ocrx_word' id='word_1_133' title='bbox 1179 2039 1308 2104; x_wconf 86' lang='lat' dir='ltr'><strong>litterae</strong></span> <span class='ocrx_word' id='word_1_134' title='bbox 1330 2057 1351 2102; x_wconf 79' lang='lat' dir='ltr'>L</span> <span class='ocrx_word' id='word_1_135' title='bbox 1374 2057 1400 2101; x_wconf 91' lang='grc' dir='ltr'>Η</span> <span class='ocrx_word' id='word_1_136' title='bbox 1423 2046 1454 2099; x_wconf 88' lang='lat' dir='ltr'><strong>et</strong></span> <span class='ocrx_word' id='word_1_137' title='bbox 1546 2094 1548 2098; x_wconf 20' lang='lat'><em>⁴</em></span> 
     </span>
     <span class='ocr_line' id='line_1_15' title="bbox 310 2138 1454 2230; baseline -0.003 -26"><span class='ocrx_word' id='word_1_138' title='bbox 310 2141 546 2209; x_wconf 87' lang='lat' dir='ltr'><strong>aboccidcnte</strong></span> <span class='ocrx_word' id='word_1_139' title='bbox 567 2145 603 2207; x_wconf 90' lang='lat' dir='ltr'><strong>in</strong></span> <span class='ocrx_word' id='word_1_140' title='bbox 625 2143 743 2230; x_wconf 91' lang='lat' dir='ltr'><strong>quibus</strong></span> <span class='ocrx_word' id='word_1_141' title='bbox 767 2154 843 2208; x_wconf 89' lang='lat' dir='ltr'><strong>sunt</strong></span> <span class='ocrx_word' id='word_1_142' title='bbox 864 2143 993 2208; x_wconf 85' lang='lat' dir='ltr'><strong>litterae</strong></span> <span class='ocrx_word' id='word_1_143' title='bbox 1016 2163 1039 2208; x_wconf 81' lang='grc' dir='ltr'>Η</span> <span class='ocrx_word' id='word_1_144' title='bbox 1062 2154 1094 2208; x_wconf 92' lang='lat' dir='ltr'><strong>et</strong></span> <span class='ocrx_word' id='word_1_145' title='bbox 1117 2160 1149 2207; x_wconf 94' lang='lat'><strong>0.</strong></span> <span class='ocrx_word' id='word_1_146' title='bbox 1198 2140 1240 2205; x_wconf 91' lang='lat' dir='ltr'><strong>ab</strong></span> <span class='ocrx_word' id='word_1_147' title='bbox 1262 2159 1288 2205; x_wconf 84' lang='grc' dir='ltr'>Η</span> <span class='ocrx_word' id='word_1_148' title='bbox 1310 2138 1354 2203; x_wconf 92' lang='lat' dir='ltr'><strong>ad</strong></span> <span class='ocrx_word' id='word_1_149' title='bbox 1377 2155 1398 2202; x_wconf 97' lang='lat'>0</span> <span class='ocrx_word' id='word_1_150' title='bbox 1422 2147 1454 2201; x_wconf 89' lang='lat' dir='ltr'><strong>et</strong></span> 
     </span>
     <span class='ocr_line' id='line_1_16' title="bbox 309 2242 1505 2330; baseline -0.002 -23"><span class='ocrx_word' id='word_1_151' title='bbox 309 2243 351 2308; x_wconf 88' lang='lat' dir='ltr'><strong>ab</strong></span> <span class='ocrx_word' id='word_1_152' title='bbox 373 2242 453 2307; x_wconf 80' lang='lat' dir='ltr'><strong>Lad</strong></span> <span class='ocrx_word' id='word_1_153' title='bbox 467 2261 491 2306; x_wconf 86' lang='grc' dir='ltr'>Η</span> <span class='ocrx_word' id='word_1_154' title='bbox 512 2243 739 2330; x_wconf 89' lang='lat' dir='ltr'><strong>perducendae</strong></span> <span class='ocrx_word' id='word_1_155' title='bbox 761 2255 836 2310; x_wconf 90' lang='lat' dir='ltr'><strong>sunt</strong></span> <span class='ocrx_word' id='word_1_156' title='bbox 857 2244 962 2309; x_wconf 91' lang='lat' dir='ltr'><strong>lineae</strong></span> <span class='ocrx_word' id='word_1_157' title='bbox 984 2247 1192 2310; x_wconf 83' lang='lat' dir='ltr'><strong>decussatim.</strong></span> <span class='ocrx_word' id='word_1_158' title='bbox 1238 2252 1269 2306; x_wconf 90' lang='lat' dir='ltr'><strong>et</strong></span> <span class='ocrx_word' id='word_1_159' title='bbox 1291 2243 1337 2305; x_wconf 88' lang='lat' dir='ltr'><strong>ita</strong></span> <span class='ocrx_word' id='word_1_160' title='bbox 1360 2248 1454 2303; x_wconf 88' lang='lat' dir='ltr'><strong>erunt</strong></span> <span class='ocrx_word' id='word_1_161' title='bbox 1474 2258 1505 2305; x_wconf 84' lang='lat'><strong>15</strong></span> 
     </span>
     <span class='ocr_line' id='line_1_17' title="bbox 309 2343 1454 2436; baseline -0.003 -28"><span class='ocrx_word' id='word_1_162' title='bbox 309 2343 491 2431; x_wconf 89' lang='lat' dir='ltr'><strong>aequaliter</strong></span> <span class='ocrx_word' id='word_1_163' title='bbox 512 2355 684 2411; x_wconf 89' lang='lat' dir='ltr'><strong>ventorum</strong></span> <span class='ocrx_word' id='word_1_164' title='bbox 712 2356 783 2412; x_wconf 90' lang='lat' dir='ltr'><strong>octo</strong></span> <span class='ocrx_word' id='word_1_165' title='bbox 812 2349 918 2436; x_wconf 89' lang='lat' dir='ltr'><strong>spatia</strong></span> <span class='ocrx_word' id='word_1_166' title='bbox 940 2349 975 2411; x_wconf 92' lang='lat' dir='ltr'><strong>in</strong></span> <span class='ocrx_word' id='word_1_167' title='bbox 997 2348 1231 2412; x_wconf 87' lang='lat' dir='ltr'><strong>circumitione.</strong></span> <span class='ocrx_word' id='word_1_168' title='bbox 1277 2365 1358 2430; x_wconf 88' lang='lat' dir='ltr'><strong>quae</strong></span> <span class='ocrx_word' id='word_1_169' title='bbox 1381 2364 1454 2406; x_wconf 90' lang='lat' dir='ltr'><strong>curn</strong></span> 
     </span>
     <span class='ocr_line' id='line_1_18' title="bbox 310 2445 1454 2535; baseline -0.004 -24"><span class='ocrx_word' id='word_1_170' title='bbox 310 2449 357 2511; x_wconf 89' lang='lat' dir='ltr'><strong>ita</strong></span> <span class='ocrx_word' id='word_1_171' title='bbox 379 2447 545 2533; x_wconf 88' lang='lat' dir='ltr'><strong>descripta</strong></span> <span class='ocrx_word' id='word_1_172' title='bbox 567 2457 671 2531; x_wconf 83' lang='lat' dir='ltr'><strong>erunt,</strong></span> <span class='ocrx_word' id='word_1_173' title='bbox 695 2450 730 2512; x_wconf 93' lang='lat' dir='ltr'><strong>in</strong></span> <span class='ocrx_word' id='word_1_174' title='bbox 751 2448 889 2534; x_wconf 83' lang='lat' dir='ltr'><strong>singulis</strong></span> <span class='ocrx_word' id='word_1_175' title='bbox 911 2449 1040 2535; x_wconf 86' lang='lat' dir='ltr'><strong>angulis</strong></span> <span class='ocrx_word' id='word_1_176' title='bbox 1063 2449 1215 2533; x_wconf 87' lang='lat' dir='ltr'><strong>octagoni</strong></span> <span class='ocrx_word' id='word_1_177' title='bbox 1237 2469 1310 2511; x_wconf 87' lang='lat' dir='ltr'><strong>curn</strong></span> <span class='ocrx_word' id='word_1_178' title='bbox 1325 2469 1344 2508; x_wconf 88' lang='lat' dir='ltr'><strong>a</strong></span> <span class='ocrx_word' id='word_1_179' title='bbox 1359 2445 1454 2508; x_wconf 92' lang='lat' dir='ltr'><strong>meri-</strong></span> 
     </span>
     <span class='ocr_line' id='line_1_19' title="bbox 311 2546 1454 2636; baseline -0.003 -24"><span class='ocrx_word' id='word_1_180' title='bbox 311 2548 365 2612; x_wconf 91' lang='lat' dir='ltr'><strong>die</strong></span> <span class='ocrx_word' id='word_1_181' title='bbox 386 2547 581 2634; x_wconf 83' lang='lat' dir='ltr'><strong>incipiemus</strong></span> <span class='ocrx_word' id='word_1_182' title='bbox 603 2550 690 2614; x_wconf 89' lang='lat' dir='ltr'><strong>inter</strong></span> <span class='ocrx_word' id='word_1_183' title='bbox 712 2572 824 2614; x_wconf 90' lang='lat' dir='ltr'><strong>eurum</strong></span> <span class='ocrx_word' id='word_1_184' title='bbox 847 2561 879 2615; x_wconf 94' lang='lat' dir='ltr'><strong>et</strong></span> <span class='ocrx_word' id='word_1_185' title='bbox 900 2562 1048 2616; x_wconf 89' lang='lat' dir='ltr'><strong>austrum</strong></span> <span class='ocrx_word' id='word_1_186' title='bbox 1069 2552 1104 2615; x_wconf 91' lang='lat' dir='ltr'><strong>in</strong></span> <span class='ocrx_word' id='word_1_187' title='bbox 1126 2549 1245 2636; x_wconf 87' lang='lat' dir='ltr'><strong>angulo</strong></span> <span class='ocrx_word' id='word_1_188' title='bbox 1269 2549 1330 2612; x_wconf 88' lang='lat' dir='ltr'><strong>erit</strong></span> <span class='ocrx_word' id='word_1_189' title='bbox 1345 2546 1454 2611; x_wconf 88' lang='lat' dir='ltr'><strong>littera</strong></span> 
     </span>
     <span class='ocr_line' id='line_1_20' title="bbox 310 2651 1453 2735; baseline -0.003 -20"><span class='ocrx_word' id='word_1_190' title='bbox 310 2668 344 2733; x_wconf 82' lang='lat' dir='ltr'><strong>e,</strong></span> <span class='ocrx_word' id='word_1_191' title='bbox 368 2653 454 2715; x_wconf 90' lang='lat' dir='ltr'><strong>inter</strong></span> <span class='ocrx_word' id='word_1_192' title='bbox 475 2660 619 2715; x_wconf 72' lang='lat' dir='ltr'><strong>ausuum</strong></span> <span class='ocrx_word' id='word_1_193' title='bbox 643 2662 675 2715; x_wconf 90' lang='lat' dir='ltr'><strong>et</strong></span> <span class='ocrx_word' id='word_1_194' title='bbox 696 2651 835 2716; x_wconf 88' lang='lat' dir='ltr'><strong>africum</strong></span> <span class='ocrx_word' id='word_1_195' title='bbox 854 2671 890 2735; x_wconf 90' lang='grc' dir='ltr'><strong>Η,</strong></span> <span class='ocrx_word' id='word_1_196' title='bbox 913 2655 1000 2718; x_wconf 90' lang='lat' dir='ltr'><strong>inter</strong></span> <span class='ocrx_word' id='word_1_197' title='bbox 1020 2653 1158 2717; x_wconf 86' lang='lat' dir='ltr'><strong>africum</strong></span> <span class='ocrx_word' id='word_1_198' title='bbox 1184 2661 1215 2715; x_wconf 89' lang='lat' dir='ltr'><strong>et</strong></span> <span class='ocrx_word' id='word_1_199' title='bbox 1237 2651 1404 2715; x_wconf 87' lang='lat' dir='ltr'><strong>favonium</strong></span> <span class='ocrx_word' id='word_1_200' title='bbox 1419 2665 1453 2729; x_wconf 86' lang='grc' dir='ltr'><strong>Η,</strong></span> 
     </span>
     <span class='ocr_line' id='line_1_21' title="bbox 309 2750 1505 2843; baseline -0.002 -26"><span class='ocrx_word' id='word_1_201' title='bbox 309 2755 396 2817; x_wconf 88' lang='lat' dir='ltr'><strong>inter</strong></span> <span class='ocrx_word' id='word_1_202' title='bbox 417 2750 587 2816; x_wconf 84' lang='lat' dir='ltr'><strong>favonium</strong></span> <span class='ocrx_word' id='word_1_203' title='bbox 610 2763 641 2817; x_wconf 89' lang='lat' dir='ltr'><strong>et</strong></span> <span class='ocrx_word' id='word_1_204' title='bbox 663 2775 798 2843; x_wconf 87' lang='lat' dir='ltr'><strong>caurum</strong></span> <span class='ocrx_word' id='word_1_205' title='bbox 821 2771 860 2838; x_wconf 85' lang='lat'><strong>0,</strong></span> <span class='ocrx_word' id='word_1_206' title='bbox 883 2756 969 2819; x_wconf 90' lang='lat' dir='ltr'><strong>inter</strong></span> <span class='ocrx_word' id='word_1_207' title='bbox 991 2778 1124 2820; x_wconf 91' lang='lat' dir='ltr'><strong>caurum</strong></span> <span class='ocrx_word' id='word_1_208' title='bbox 1147 2765 1179 2818; x_wconf 90' lang='lat' dir='ltr'><strong>et</strong></span> <span class='ocrx_word' id='word_1_209' title='bbox 1201 2754 1454 2839; x_wconf 89' lang='lat' dir='ltr'><strong>septentrionem</strong></span> <span class='ocrx_word' id='word_1_210' title='bbox 1472 2767 1505 2815; x_wconf 75' lang='lat' dir='ltr'><strong>ro</strong></span> 
     </span>
     <span class='ocr_line' id='line_1_22' title="bbox 310 2851 1455 2943; baseline -0.006 -23"><span class='ocrx_word' id='word_1_211' title='bbox 310 2873 350 2939; x_wconf 86' lang='grc' dir='ltr'><strong>Η,</strong></span> <span class='ocrx_word' id='word_1_212' title='bbox 379 2853 467 2919; x_wconf 89' lang='lat' dir='ltr'><strong>inter</strong></span> <span class='ocrx_word' id='word_1_213' title='bbox 495 2856 748 2942; x_wconf 86' lang='lat' dir='ltr'><strong>septentrionem</strong></span> <span class='ocrx_word' id='word_1_214' title='bbox 776 2866 808 2920; x_wconf 89' lang='lat' dir='ltr'><strong>et</strong></span> <span class='ocrx_word' id='word_1_215' title='bbox 834 2855 1019 2943; x_wconf 88' lang='lat' dir='ltr'><strong>aquilonem</strong></span> <span class='ocrx_word' id='word_1_216' title='bbox 1042 2875 1070 2941; x_wconf 86' lang='lat'><strong>1,</strong></span> <span class='ocrx_word' id='word_1_217' title='bbox 1098 2858 1184 2920; x_wconf 91' lang='lat' dir='ltr'><strong>inter</strong></span> <span class='ocrx_word' id='word_1_218' title='bbox 1211 2851 1395 2940; x_wconf 87' lang='lat' dir='ltr'><strong>aquilonem</strong></span> <span class='ocrx_word' id='word_1_219' title='bbox 1423 2861 1455 2914; x_wconf 89' lang='lat' dir='ltr'><strong>et</strong></span> 
     </span>
     <span class='ocr_line' id='line_1_23' title="bbox 310 2954 1456 3040; baseline -0.007 -18"><span class='ocrx_word' id='word_1_220' title='bbox 310 2956 460 3023; x_wconf 82' lang='lat' dir='ltr'><strong>solanum</strong></span> <span class='ocrx_word' id='word_1_221' title='bbox 482 2973 514 3040; x_wconf 74' lang='lat' dir='ltr'><strong>L,</strong></span> <span class='ocrx_word' id='word_1_222' title='bbox 538 2957 623 3021; x_wconf 88' lang='lat' dir='ltr'><strong>inter</strong></span> <span class='ocrx_word' id='word_1_223' title='bbox 644 2958 791 3023; x_wconf 86' lang='lat' dir='ltr'><strong>solanum</strong></span> <span class='ocrx_word' id='word_1_224' title='bbox 807 2968 839 3022; x_wconf 92' lang='lat' dir='ltr'><strong>et</strong></span> <span class='ocrx_word' id='word_1_225' title='bbox 854 2981 967 3022; x_wconf 92' lang='lat' dir='ltr'><strong>eurum</strong></span> <span class='ocrx_word' id='word_1_226' title='bbox 989 2977 1025 3021; x_wconf 85' lang='lat' dir='ltr'><strong>M.</strong></span> <span class='ocrx_word' id='word_1_227' title='bbox 1069 2959 1116 3021; x_wconf 90' lang='lat' dir='ltr'><strong>ita</strong></span> <span class='ocrx_word' id='word_1_228' title='bbox 1130 2957 1181 3021; x_wconf 91' lang='lat' dir='ltr'><strong>his</strong></span> <span class='ocrx_word' id='word_1_229' title='bbox 1198 2954 1353 3021; x_wconf 84' lang='lat' dir='ltr'><strong>confectis</strong></span> <span class='ocrx_word' id='word_1_230' title='bbox 1369 2955 1456 3016; x_wconf 90' lang='lat' dir='ltr'><strong>inter</strong></span> 
     </span>
     <span class='ocr_line' id='line_1_24' title="bbox 308 3055 1454 3148; baseline -0.008 -25"><span class='ocrx_word' id='word_1_231' title='bbox 308 3058 446 3145; x_wconf 88' lang='lat' dir='ltr'><strong>angulos</strong></span> <span class='ocrx_word' id='word_1_232' title='bbox 469 3060 620 3143; x_wconf 86' lang='lat' dir='ltr'><strong>octagoni</strong></span> <span class='ocrx_word' id='word_1_233' title='bbox 641 3081 784 3145; x_wconf 84' lang='lat' dir='ltr'><strong>gnomon</strong></span> <span class='ocrx_word' id='word_1_234' title='bbox 805 3070 954 3148; x_wconf 81' lang='lat' dir='ltr'><strong>ponatur,</strong></span> <span class='ocrx_word' id='word_1_235' title='bbox 978 3070 1010 3124; x_wconf 90' lang='lat' dir='ltr'><strong>et</strong></span> <span class='ocrx_word' id='word_1_236' title='bbox 1031 3060 1077 3123; x_wconf 89' lang='lat' dir='ltr'><strong>ita</strong></span> <span class='ocrx_word' id='word_1_237' title='bbox 1099 3059 1283 3143; x_wconf 83' lang='lat' dir='ltr'><strong>dirigantur</strong></span> <span class='ocrx_word' id='word_1_238' title='bbox 1303 3055 1454 3140; x_wconf 86' lang='lat' dir='ltr'><strong>angipor-</strong></span> 
     </span>
     <span class='ocr_line' id='line_1_25' title="bbox 307 3159 629 3227; baseline -0.012 0"><span class='ocrx_word' id='word_1_239' title='bbox 307 3171 418 3227; x_wconf 89' lang='lat' dir='ltr'><strong>torum</strong></span> <span class='ocrx_word' id='word_1_240' title='bbox 439 3159 629 3224; x_wconf 88' lang='lat' dir='ltr'><strong>divisiones.</strong></span> 
     </span>
    </p>
   </div>
   <div class='ocr_carea' id='block_1_3' title="bbox 311 3343 541 3352">
    <p class='ocr_par' dir='ltr' id='par_1_5' title="bbox 311 3343 541 3352">
     <span class='ocr_line' id='line_1_26' title="bbox 311 3343 541 3352; baseline -0.009 0"><span class='ocrx_word' id='word_1_241' title='bbox 311 3343 541 3352; x_wconf 82' lang='grc'><strong>..----</strong></span> 
     </span>
    </p>
   </div>
   <div class='ocr_carea' id='block_1_4' title="bbox 310 3449 1519 4789">
    <p class='ocr_par' dir='ltr' id='par_1_6' title="bbox 310 3449 1519 4789">
     <span class='ocr_line' id='line_1_27' title="bbox 382 3449 1453 3520; baseline -0.004 -17"><span class='ocrx_word' id='word_1_242' title='bbox 382 3457 395 3503; x_wconf 94' lang='grc'><strong>1</strong></span> <span class='ocrx_word' id='word_1_243' title='bbox 416 3450 649 3518; x_wconf 81' lang='lat' dir='ltr'><strong>septentrionales</strong></span> <span class='ocrx_word' id='word_1_244' title='bbox 666 3453 703 3503; x_wconf 89' lang='lat' dir='ltr'><strong>H.</strong></span> <span class='ocrx_word' id='word_1_245' title='bbox 731 3449 779 3519; x_wconf 75' lang='grc' dir='ltr'><strong>1Ιὲ</strong></span> <span class='ocrx_word' id='word_1_246' title='bbox 802 3469 866 3518; x_wconf 86' lang='lat' dir='ltr'><strong>pars</strong></span> <span class='ocrx_word' id='word_1_247' title='bbox 885 3453 982 3505; x_wconf 80' lang='lat' dir='ltr'><strong>‚xv1.:</strong></span> <span class='ocrx_word' id='word_1_248' title='bbox 1001 3456 1040 3504; x_wconf 81' lang='lat' dir='ltr'><strong>sic</strong></span> <span class='ocrx_word' id='word_1_249' title='bbox 1060 3455 1118 3503; x_wconf 90' lang='grc' dir='ltr'>ΕΗ.</span> <span class='ocrx_word' id='word_1_250' title='bbox 1141 3449 1153 3520; x_wconf 80' lang='lat' dir='ltr'><strong>[l</strong></span> <span class='ocrx_word' id='word_1_251' title='bbox 1176 3456 1193 3503; x_wconf 89' lang='grc'>4</span> <span class='ocrx_word' id='word_1_252' title='bbox 1217 3467 1271 3517; x_wconf 83' lang='lat' dir='ltr'><strong>qua</strong></span> <span class='ocrx_word' id='word_1_253' title='bbox 1291 3451 1360 3503; x_wconf 71' lang='lat' dir='ltr'><strong>Get:</strong></span> <span class='ocrx_word' id='word_1_254' title='bbox 1383 3464 1453 3514; x_wconf 81' lang='lat' dir='ltr'><strong>quae</strong></span> 
     </span>
     <span class='ocr_line' id='line_1_28' title="bbox 312 3532 1452 3604; baseline -0.005 -14"><span class='ocrx_word' id='word_1_255' title='bbox 312 3540 364 3590; x_wconf 94' lang='grc' dir='ltr'>ΕΗ</span> <span class='ocrx_word' id='word_1_256' title='bbox 382 3534 554 3602; x_wconf 75' lang='lat' dir='ltr'><strong>(quadrangit</strong></span> <span class='ocrx_word' id='word_1_257' title='bbox 572 3537 610 3600; x_wconf 87' lang='lat' dir='ltr'><strong>H,</strong></span> <span class='ocrx_word' id='word_1_258' title='bbox 630 3552 681 3602; x_wconf 75' lang='lat' dir='ltr'><strong>quq</strong></span> <span class='ocrx_word' id='word_1_259' title='bbox 705 3539 796 3602; x_wconf 85' lang='lat' dir='ltr'><strong>tangit</strong></span> <span class='ocrx_word' id='word_1_260' title='bbox 821 3540 878 3595; x_wconf 79' lang='grc' dir='ltr'>ΕΙο,</span> <span class='ocrx_word' id='word_1_261' title='bbox 903 3553 962 3603; x_wconf 74' lang='lat' dir='ltr'><strong>quse</strong></span> <span class='ocrx_word' id='word_1_262' title='bbox 986 3540 1078 3604; x_wconf 77' lang='lat' dir='ltr'><strong>tangit</strong></span> <span class='ocrx_word' id='word_1_263' title='bbox 1101 3540 1133 3588; x_wconf 89' lang='lat' dir='ltr'><strong>L.</strong></span> <span class='ocrx_word' id='word_1_264' title='bbox 1161 3539 1196 3601; x_wconf 76' lang='lat' dir='ltr'><strong>es.</strong></span> <span class='ocrx_word' id='word_1_265' title='bbox 1219 3552 1301 3602; x_wconf 78' lang='lat' dir='ltr'><strong>supra</strong></span> <span class='ocrx_word' id='word_1_266' title='bbox 1322 3538 1363 3594; x_wconf 83' lang='grc'>26,</span> <span class='ocrx_word' id='word_1_267' title='bbox 1382 3533 1420 3599; x_wconf 82' lang='grc'><strong>8).</strong></span> <span class='ocrx_word' id='word_1_268' title='bbox 1440 3532 1452 3601; x_wconf 71' lang='lat' dir='ltr'><strong>ll</strong></span> 
     </span>
     <span class='ocr_line' id='line_1_29' title="bbox 311 3616 1454 3688; baseline -0.005 -13"><span class='ocrx_word' id='word_1_269' title='bbox 311 3620 515 3675; x_wconf 83' lang='lat' dir='ltr'><strong>rotundationis</strong></span> <span class='ocrx_word' id='word_1_270' title='bbox 534 3628 593 3671; x_wconf 83' lang='lat' dir='ltr'><strong>ante</strong></span> <span class='ocrx_word' id='word_1_271' title='bbox 611 3637 678 3674; x_wconf 84' lang='lat' dir='ltr'><strong>corr.</strong></span> <span class='ocrx_word' id='word_1_272' title='bbox 698 3620 921 3685; x_wconf 77' lang='lat' dir='ltr'><strong>(-ne=HLlc)</strong></span> <span class='ocrx_word' id='word_1_273' title='bbox 942 3626 970 3672; x_wconf 92' lang='grc' dir='ltr'><strong>Ε.</strong></span> <span class='ocrx_word' id='word_1_274' title='bbox 993 3618 1005 3688; x_wconf 78' lang='grc' dir='ltr'>Η</span> <span class='ocrx_word' id='word_1_275' title='bbox 1029 3628 1095 3673; x_wconf 79' lang='lat' dir='ltr'><strong>osc</strong></span> <span class='ocrx_word' id='word_1_276' title='bbox 1119 3623 1155 3670; x_wconf 79' lang='lat' dir='ltr'><strong>L:</strong></span> <span class='ocrx_word' id='word_1_277' title='bbox 1184 3638 1230 3672; x_wconf 86' lang='lat' dir='ltr'><strong>om.</strong></span> <span class='ocrx_word' id='word_1_278' title='bbox 1252 3623 1302 3671; x_wconf 82' lang='lat' dir='ltr'><strong>GH</strong></span> <span class='ocrx_word' id='word_1_279' title='bbox 1322 3621 1374 3684; x_wconf 74' lang='lat' dir='ltr'><strong>(tc).</strong></span> <span class='ocrx_word' id='word_1_280' title='bbox 1399 3616 1411 3687; x_wconf 77' lang='grc' dir='ltr'>Η</span> <span class='ocrx_word' id='word_1_281' title='bbox 1439 3623 1454 3669; x_wconf 86' lang='lat' dir='ltr'><strong>o</strong></span> 
     </span>
     <span class='ocr_line' id='line_1_30' title="bbox 310 3703 1453 3770; baseline -0.004 -11"><span class='ocrx_word' id='word_1_282' title='bbox 310 3706 505 3759; x_wconf 85' lang='lat' dir='ltr'><strong>rotundatione</strong></span> <span class='ocrx_word' id='word_1_283' title='bbox 524 3712 553 3755; x_wconf 88' lang='lat' dir='ltr'><strong>et</strong></span> <span class='ocrx_word' id='word_1_284' title='bbox 569 3721 628 3770; x_wconf 73' lang='lat' dir='ltr'><strong>epo:</strong></span> <span class='ocrx_word' id='word_1_285' title='bbox 648 3706 858 3756; x_wconf 86' lang='lat' dir='ltr'><strong>rotundationes</strong></span> <span class='ocrx_word' id='word_1_286' title='bbox 872 3710 899 3755; x_wconf 87' lang='lat' dir='ltr'><strong>et</strong></span> <span class='ocrx_word' id='word_1_287' title='bbox 911 3707 938 3768; x_wconf 83' lang='lat' dir='ltr'><strong>G,</strong></span> <span class='ocrx_word' id='word_1_288' title='bbox 959 3704 1194 3756; x_wconf 83' lang='lat' dir='ltr'><strong>rotundationis&amp;</strong></span> <span class='ocrx_word' id='word_1_289' title='bbox 1206 3708 1236 3755; x_wconf 88' lang='lat' dir='ltr'><em>H</em></span> <span class='ocrx_word' id='word_1_290' title='bbox 1248 3705 1310 3769; x_wconf 84' lang='lat' dir='ltr'><strong>(rot.</strong></span> <span class='ocrx_word' id='word_1_291' title='bbox 1322 3705 1425 3768; x_wconf 71' lang='lat' dir='ltr'><strong>echte).</strong></span> <span class='ocrx_word' id='word_1_292' title='bbox 1441 3703 1453 3770; x_wconf 74' lang='lat' dir='ltr'><strong>ll</strong></span> 
     </span>
     <span class='ocr_line' id='line_1_31' title="bbox 310 3788 1454 3856; baseline -0.005 -11"><span class='ocrx_word' id='word_1_293' title='bbox 310 3792 430 3845; x_wconf 77' lang='lat' dir='ltr'><strong>Setab</strong></span> <span class='ocrx_word' id='word_1_294' title='bbox 449 3790 622 3856; x_wconf 80' lang='lat' dir='ltr'><strong>g...ied.:</strong></span> <span class='ocrx_word' id='word_1_295' title='bbox 642 3790 722 3840; x_wconf 84' lang='lat' dir='ltr'><strong>etsb</strong></span> <span class='ocrx_word' id='word_1_296' title='bbox 742 3807 778 3856; x_wconf 83' lang='lat' dir='ltr'><strong>.g,</strong></span> <span class='ocrx_word' id='word_1_297' title='bbox 802 3790 837 3841; x_wconf 88' lang='lat' dir='ltr'><strong>ad</strong></span> <span class='ocrx_word' id='word_1_298' title='bbox 856 3791 891 3845; x_wconf 85' lang='lat' dir='ltr'><strong>.h.</strong></span> <span class='ocrx_word' id='word_1_299' title='bbox 917 3792 997 3841; x_wconf 82' lang='lat' dir='ltr'><strong>stab</strong></span> <span class='ocrx_word' id='word_1_300' title='bbox 1023 3790 1059 3843; x_wconf 90' lang='lat' dir='ltr'><strong>.h.</strong></span> <span class='ocrx_word' id='word_1_301' title='bbox 1079 3791 1114 3840; x_wconf 89' lang='lat' dir='ltr'><strong>ad</strong></span> <span class='ocrx_word' id='word_1_302' title='bbox 1134 3791 1160 3842; x_wconf 93' lang='lat' dir='ltr'><strong>.i.</strong></span> <span class='ocrx_word' id='word_1_303' title='bbox 1181 3790 1209 3848; x_wconf 88' lang='grc' dir='ltr'>Ε,</span> <span class='ocrx_word' id='word_1_304' title='bbox 1228 3790 1250 3839; x_wconf 70' lang='grc' dir='ltr'>Ε</span> <span class='ocrx_word' id='word_1_305' title='bbox 1269 3792 1303 3841; x_wconf 87' lang='lat' dir='ltr'><strong>ab</strong></span> <span class='ocrx_word' id='word_1_306' title='bbox 1322 3806 1358 3855; x_wconf 82' lang='lat' dir='ltr'><strong>.g.</strong></span> <span class='ocrx_word' id='word_1_307' title='bbox 1377 3788 1400 3839; x_wconf 77' lang='lat' dir='ltr'><strong>dr</strong></span> <span class='ocrx_word' id='word_1_308' title='bbox 1420 3791 1454 3839; x_wconf 87' lang='lat' dir='ltr'><strong>nb</strong></span> 
     </span>
     <span class='ocr_line' id='line_1_32' title="bbox 311 3870 1454 3940; baseline -0.004 -13"><span class='ocrx_word' id='word_1_309' title='bbox 311 3878 349 3933; x_wconf 89' lang='lat' dir='ltr'><strong>.h.</strong></span> <span class='ocrx_word' id='word_1_310' title='bbox 368 3876 404 3928; x_wconf 85' lang='lat' dir='ltr'><strong>sd</strong></span> <span class='ocrx_word' id='word_1_311' title='bbox 422 3876 450 3925; x_wconf 87' lang='lat' dir='ltr'><strong>.i.</strong></span> <span class='ocrx_word' id='word_1_312' title='bbox 470 3876 499 3924; x_wconf 92' lang='lat' dir='ltr'><em>H</em></span> <span class='ocrx_word' id='word_1_313' title='bbox 518 3872 597 3938; x_wconf 76' lang='lat' dir='ltr'><strong>(stc).</strong></span> <span class='ocrx_word' id='word_1_314' title='bbox 621 3870 633 3940; x_wconf 85' lang='grc' dir='ltr'><strong>ΙΙ</strong></span> <span class='ocrx_word' id='word_1_315' title='bbox 658 3877 687 3923; x_wconf 87' lang='grc'><strong>11</strong></span> <span class='ocrx_word' id='word_1_316' title='bbox 707 3874 743 3925; x_wconf 85' lang='lat' dir='ltr'><strong>ab</strong></span> <span class='ocrx_word' id='word_1_317' title='bbox 763 3876 790 3929; x_wconf 89' lang='lat' dir='ltr'><strong>.i.</strong></span> <span class='ocrx_word' id='word_1_318' title='bbox 811 3876 847 3925; x_wconf 83' lang='lat' dir='ltr'><strong>ad</strong></span> <span class='ocrx_word' id='word_1_319' title='bbox 866 3875 901 3925; x_wconf 86' lang='lat' dir='ltr'><strong>.k.</strong></span> <span class='ocrx_word' id='word_1_320' title='bbox 923 3876 968 3925; x_wconf 67' lang='lat' dir='ltr'><strong>Gct</strong></span> <span class='ocrx_word' id='word_1_321' title='bbox 989 3876 1024 3925; x_wconf 86' lang='lat' dir='ltr'><strong>ab</strong></span> <span class='ocrx_word' id='word_1_322' title='bbox 1050 3876 1077 3928; x_wconf 90' lang='lat' dir='ltr'><strong>.i.</strong></span> <span class='ocrx_word' id='word_1_323' title='bbox 1101 3875 1135 3923; x_wconf 87' lang='lat' dir='ltr'><strong>ab</strong></span> <span class='ocrx_word' id='word_1_324' title='bbox 1161 3874 1198 3929; x_wconf 82' lang='lat' dir='ltr'><strong>.k.</strong></span> <span class='ocrx_word' id='word_1_325' title='bbox 1218 3876 1246 3923; x_wconf 91' lang='lat' dir='ltr'><em>H</em></span> <span class='ocrx_word' id='word_1_326' title='bbox 1265 3873 1334 3939; x_wconf 73' lang='lat' dir='ltr'><strong>(Ide)</strong></span> <span class='ocrx_word' id='word_1_327' title='bbox 1353 3882 1378 3923; x_wconf 83' lang='lat' dir='ltr'><strong>et</strong></span> <span class='ocrx_word' id='word_1_328' title='bbox 1395 3880 1454 3924; x_wconf 85' lang='lat' dir='ltr'><strong>onte</strong></span> 
     </span>
     <span class='ocr_line' id='line_1_33' title="bbox 310 3956 1454 4025; baseline -0.007 -13"><span class='ocrx_word' id='word_1_329' title='bbox 310 3979 382 4014; x_wconf 84' lang='lat' dir='ltr'><strong>corr.</strong></span> <span class='ocrx_word' id='word_1_330' title='bbox 398 3961 428 4011; x_wconf 89' lang='grc' dir='ltr'><strong>Ε.</strong></span> <span class='ocrx_word' id='word_1_331' title='bbox 452 3956 464 4025; x_wconf 86' lang='grc' dir='ltr'><strong>ΙΙ</strong></span> <span class='ocrx_word' id='word_1_332' title='bbox 489 3961 520 4008; x_wconf 77' lang='grc'><strong>12</strong></span> <span class='ocrx_word' id='word_1_333' title='bbox 538 3957 635 4009; x_wconf 84' lang='lat' dir='ltr'><strong>dextra</strong></span> <span class='ocrx_word' id='word_1_334' title='bbox 648 3958 774 4020; x_wconf 81' lang='lat' dir='ltr'><strong>(dextera</strong></span> <span class='ocrx_word' id='word_1_335' title='bbox 786 3960 821 4024; x_wconf 90' lang='lat' dir='ltr'><strong>L)</strong></span> <span class='ocrx_word' id='word_1_336' title='bbox 835 3965 900 4012; x_wconf 85' lang='lat' dir='ltr'><strong>tres.</strong></span> <span class='ocrx_word' id='word_1_337' title='bbox 921 3976 954 4010; x_wconf 85' lang='lat' dir='ltr'><strong>ac</strong></span> <span class='ocrx_word' id='word_1_338' title='bbox 967 3960 1080 4010; x_wconf 86' lang='lat' dir='ltr'><strong>sinistra</strong></span> <span class='ocrx_word' id='word_1_339' title='bbox 1092 3963 1149 4008; x_wconf 87' lang='lat' dir='ltr'><strong>tres</strong></span> <span class='ocrx_word' id='word_1_340' title='bbox 1161 3960 1191 4008; x_wconf 90' lang='lat' dir='ltr'><em>H</em></span> <span class='ocrx_word' id='word_1_341' title='bbox 1203 3958 1270 4023; x_wconf 82' lang='lat' dir='ltr'><em>(GL,</em></span> <span class='ocrx_word' id='word_1_342' title='bbox 1289 3967 1345 4009; x_wconf 89' lang='lat' dir='ltr'><strong>tres</strong></span> <span class='ocrx_word' id='word_1_343' title='bbox 1358 3958 1454 4010; x_wconf 86' lang='lat' dir='ltr'><strong>dextra</strong></span> 
     </span>
     <span class='ocr_line' id='line_1_34' title="bbox 312 4039 1453 4109; baseline -0.008 -11"><span class='ocrx_word' id='word_1_344' title='bbox 312 4064 347 4098; x_wconf 88' lang='lat' dir='ltr'><strong>ac</strong></span> <span class='ocrx_word' id='word_1_345' title='bbox 366 4046 482 4098; x_wconf 84' lang='lat' dir='ltr'><strong>sinistra</strong></span> <span class='ocrx_word' id='word_1_346' title='bbox 499 4048 556 4094; x_wconf 83' lang='lat' dir='ltr'><strong>tres</strong></span> <span class='ocrx_word' id='word_1_347' title='bbox 573 4042 621 4108; x_wconf 82' lang='lat' dir='ltr'><strong>Ic):</strong></span> <span class='ocrx_word' id='word_1_348' title='bbox 641 4043 784 4095; x_wconf 74' lang='lat' dir='ltr'><strong>dextrales</strong></span> <span class='ocrx_word' id='word_1_349' title='bbox 797 4061 830 4095; x_wconf 87' lang='lat' dir='ltr'><strong>ac</strong></span> <span class='ocrx_word' id='word_1_350' title='bbox 844 4045 1002 4095; x_wconf 88' lang='lat' dir='ltr'><strong>sinistrates</strong></span> <span class='ocrx_word' id='word_1_351' title='bbox 1020 4052 1079 4095; x_wconf 84' lang='lat' dir='ltr'><strong>onte</strong></span> <span class='ocrx_word' id='word_1_352' title='bbox 1097 4060 1166 4095; x_wconf 84' lang='lat' dir='ltr'><strong>corr.</strong></span> <span class='ocrx_word' id='word_1_353' title='bbox 1186 4044 1215 4097; x_wconf 89' lang='grc' dir='ltr'><strong>Ε.</strong></span> <span class='ocrx_word' id='word_1_354' title='bbox 1239 4040 1250 4109; x_wconf 76' lang='grc' dir='ltr'>Η</span> <span class='ocrx_word' id='word_1_355' title='bbox 1275 4046 1306 4091; x_wconf 88' lang='lat'><strong>14</strong></span> <span class='ocrx_word' id='word_1_356' title='bbox 1325 4058 1360 4092; x_wconf 91' lang='lat' dir='ltr'><strong>.n.</strong></span> <span class='ocrx_word' id='word_1_357' title='bbox 1379 4039 1401 4089; x_wconf 78' lang='lat' dir='ltr'><strong>dr</strong></span> <span class='ocrx_word' id='word_1_358' title='bbox 1421 4057 1453 4092; x_wconf 90' lang='lat' dir='ltr'><strong>.o.</strong></span> 
     </span>
     <span class='ocr_line' id='line_1_35' title="bbox 312 4124 1452 4195; baseline -0.008 -13"><span class='ocrx_word' id='word_1_359' title='bbox 312 4133 349 4182; x_wconf 78' lang='lat' dir='ltr'><strong>ab</strong></span> <span class='ocrx_word' id='word_1_360' title='bbox 374 4148 417 4183; x_wconf 82' lang='lat' dir='ltr'><strong>.m.</strong></span> <span class='ocrx_word' id='word_1_361' title='bbox 441 4128 477 4179; x_wconf 79' lang='lat' dir='ltr'><strong>ad</strong></span> <span class='ocrx_word' id='word_1_362' title='bbox 496 4143 541 4178; x_wconf 87' lang='lat' dir='ltr'><strong>.o.:</strong></span> <span class='ocrx_word' id='word_1_363' title='bbox 564 4130 602 4177; x_wconf 79' lang='lat' dir='ltr'><strong>sic</strong></span> <span class='ocrx_word' id='word_1_364' title='bbox 627 4128 685 4177; x_wconf 83' lang='lat' dir='ltr'><strong>GH.</strong></span> <span class='ocrx_word' id='word_1_365' title='bbox 711 4124 723 4195; x_wconf 86' lang='grc' dir='ltr'><strong>ΙΙ</strong></span> <span class='ocrx_word' id='word_1_366' title='bbox 752 4131 783 4180; x_wconf 79' lang='lat' dir='ltr'><strong>lo</strong></span> <span class='ocrx_word' id='word_1_367' title='bbox 806 4130 840 4179; x_wconf 82' lang='lat' dir='ltr'><strong>ab</strong></span> <span class='ocrx_word' id='word_1_368' title='bbox 860 4130 886 4179; x_wconf 86' lang='lat' dir='ltr'><strong>.i.</strong></span> <span class='ocrx_word' id='word_1_369' title='bbox 911 4130 946 4180; x_wconf 89' lang='lat' dir='ltr'><strong>ad</strong></span> <span class='ocrx_word' id='word_1_370' title='bbox 965 4146 999 4182; x_wconf 73' lang='grc' dir='ltr'>,Η</span> <span class='ocrx_word' id='word_1_371' title='bbox 1019 4132 1073 4179; x_wconf 78' lang='lat' dir='ltr'><strong>ed:</strong></span> <span class='ocrx_word' id='word_1_372' title='bbox 1099 4129 1133 4178; x_wconf 88' lang='lat' dir='ltr'><strong>sb</strong></span> <span class='ocrx_word' id='word_1_373' title='bbox 1158 4128 1182 4179; x_wconf 87' lang='lat' dir='ltr'><strong>.i.</strong></span> <span class='ocrx_word' id='word_1_374' title='bbox 1207 4127 1241 4177; x_wconf 88' lang='lat' dir='ltr'><strong>ad</strong></span> <span class='ocrx_word' id='word_1_375' title='bbox 1261 4143 1295 4180; x_wconf 87' lang='lat' dir='ltr'><strong>.n.</strong></span> <span class='ocrx_word' id='word_1_376' title='bbox 1321 4127 1373 4175; x_wconf 86' lang='grc' dir='ltr'>ΕΗ</span> <span class='ocrx_word' id='word_1_377' title='bbox 1393 4124 1452 4187; x_wconf 75' lang='lat' dir='ltr'><strong>(nn,</strong></span> 
     </span>
     <span class='ocr_line' id='line_1_36' title="bbox 312 4206 1519 4280; baseline -0.007 -15"><span class='ocrx_word' id='word_1_378' title='bbox 312 4212 515 4276; x_wconf 71' lang='lat' dir='ltr'><strong>abierimus).</strong></span> <span class='ocrx_word' id='word_1_379' title='bbox 541 4209 553 4279; x_wconf 76' lang='lat' dir='ltr'><strong>{l</strong></span> <span class='ocrx_word' id='word_1_380' title='bbox 576 4214 608 4262; x_wconf 87' lang='grc'><strong>16</strong></span> <span class='ocrx_word' id='word_1_381' title='bbox 626 4214 816 4264; x_wconf 87' lang='lat' dir='ltr'><strong>circumitione</strong></span> <span class='ocrx_word' id='word_1_382' title='bbox 835 4214 908 4264; x_wconf 85' lang='lat' dir='ltr'><strong>Mar.</strong></span> <span class='ocrx_word' id='word_1_383' title='bbox 927 4213 1017 4280; x_wconf 79' lang='lat' dir='ltr'><strong>(rec.):</strong></span> <span class='ocrx_word' id='word_1_384' title='bbox 1042 4229 1136 4264; x_wconf 88' lang='lat' dir='ltr'><strong>-nem</strong></span> <span class='ocrx_word' id='word_1_385' title='bbox 1154 4214 1195 4271; x_wconf 85' lang='lat' dir='ltr'><strong>H,</strong></span> <span class='ocrx_word' id='word_1_386' title='bbox 1215 4215 1280 4261; x_wconf 71' lang='lat' dir='ltr'><strong>-nc</strong></span> <span class='ocrx_word' id='word_1_387' title='bbox 1300 4210 1321 4261; x_wconf 88' lang='grc' dir='ltr'>Ε</span> <span class='ocrx_word' id='word_1_388' title='bbox 1339 4209 1417 4272; x_wconf 78' lang='lat' dir='ltr'><strong>(Ire).</strong></span> <span class='ocrx_word' id='word_1_389' title='bbox 1437 4206 1449 4273; x_wconf 73' lang='lat' dir='ltr'><strong>ll</strong></span> <span class='ocrx_word' id='word_1_390' title='bbox 1512 4251 1519 4258; x_wconf 80' lang='grc'>.</span> 
     </span>
     <span class='ocr_line' id='line_1_37' title="bbox 313 4290 1453 4364; baseline -0.007 -15"><span class='ocrx_word' id='word_1_391' title='bbox 313 4303 344 4350; x_wconf 80' lang='grc'><strong>17</strong></span> <span class='ocrx_word' id='word_1_392' title='bbox 368 4298 501 4364; x_wconf 79' lang='lat' dir='ltr'><strong>octagoni</strong></span> <span class='ocrx_word' id='word_1_393' title='bbox 523 4298 553 4346; x_wconf 88' lang='lat' dir='ltr'><em>H</em></span> <span class='ocrx_word' id='word_1_394' title='bbox 576 4295 645 4361; x_wconf 76' lang='lat' dir='ltr'><strong>(qu</strong></span> <span class='ocrx_word' id='word_1_395' title='bbox 676 4299 806 4363; x_wconf 84' lang='lat' dir='ltr'><strong>octogoni</strong></span> <span class='ocrx_word' id='word_1_396' title='bbox 830 4297 931 4362; x_wconf 78' lang='grc' dir='ltr'><strong>Ε(ο1ι).</strong></span> <span class='ocrx_word' id='word_1_397' title='bbox 960 4295 972 4364; x_wconf 84' lang='grc' dir='ltr'><strong>ΙΙ</strong></span> <span class='ocrx_word' id='word_1_398' title='bbox 1000 4297 1149 4349; x_wconf 78' lang='lat' dir='ltr'><strong>meridiane</strong></span> <span class='ocrx_word' id='word_1_399' title='bbox 1173 4304 1232 4346; x_wconf 85' lang='lat' dir='ltr'><strong>onte</strong></span> <span class='ocrx_word' id='word_1_400' title='bbox 1255 4312 1322 4345; x_wconf 83' lang='lat' dir='ltr'><strong>corr.</strong></span> <span class='ocrx_word' id='word_1_401' title='bbox 1342 4295 1363 4343; x_wconf 87' lang='grc' dir='ltr'>Ε</span> <span class='ocrx_word' id='word_1_402' title='bbox 1386 4290 1453 4355; x_wconf 89' lang='lat' dir='ltr'><strong>(me-</strong></span> 
     </span>
     <span class='ocr_line' id='line_1_38' title="bbox 312 4378 1454 4449; baseline -0.007 -14"><span class='ocrx_word' id='word_1_403' title='bbox 312 4386 401 4435; x_wconf 85' lang='lat' dir='ltr'><strong>ridiae</strong></span> <span class='ocrx_word' id='word_1_404' title='bbox 433 4385 475 4441; x_wconf 84' lang='lat' dir='ltr'><strong>H,</strong></span> <span class='ocrx_word' id='word_1_405' title='bbox 506 4382 593 4432; x_wconf 81' lang='lat' dir='ltr'><strong>-die&#39;</strong></span> <span class='ocrx_word' id='word_1_406' title='bbox 618 4382 683 4447; x_wconf 75' lang='lat' dir='ltr'><strong>lde).</strong></span> <span class='ocrx_word' id='word_1_407' title='bbox 712 4379 724 4449; x_wconf 85' lang='grc' dir='ltr'><strong>ΙΙ</strong></span> <span class='ocrx_word' id='word_1_408' title='bbox 752 4386 785 4434; x_wconf 77' lang='lat'><strong>20</strong></span> <span class='ocrx_word' id='word_1_409' title='bbox 815 4383 945 4432; x_wconf 89' lang='lat' dir='ltr'><strong>chaurum</strong></span> <span class='ocrx_word' id='word_1_410' title='bbox 977 4383 1027 4432; x_wconf 82' lang='lat' dir='ltr'><strong>GH</strong></span> <span class='ocrx_word' id='word_1_411' title='bbox 1057 4390 1082 4433; x_wconf 81' lang='lat' dir='ltr'><strong>et</strong></span> <span class='ocrx_word' id='word_1_412' title='bbox 1112 4385 1200 4432; x_wconf 84' lang='lat' dir='ltr'><strong>iterum</strong></span> <span class='ocrx_word' id='word_1_413' title='bbox 1233 4379 1362 4428; x_wconf 87' lang='lat' dir='ltr'><strong>chaurum</strong></span> <span class='ocrx_word' id='word_1_414' title='bbox 1391 4378 1454 4427; x_wconf 76' lang='lat'><strong>611⁶</strong></span> 
     </span>
     <span class='ocr_line' id='line_1_39' title="bbox 313 4460 1449 4534; baseline -0.01 -13"><span class='ocrx_word' id='word_1_415' title='bbox 313 4470 501 4533; x_wconf 78' lang='lat' dir='ltr'><strong>(redeuntum</strong></span> <span class='ocrx_word' id='word_1_416' title='bbox 528 4475 587 4517; x_wconf 84' lang='lat' dir='ltr'><strong>ante</strong></span> <span class='ocrx_word' id='word_1_417' title='bbox 613 4483 682 4520; x_wconf 83' lang='lat' dir='ltr'><strong>corr.</strong></span> <span class='ocrx_word' id='word_1_418' title='bbox 700 4466 749 4533; x_wconf 84' lang='lat' dir='ltr'><strong>H).</strong></span> <span class='ocrx_word' id='word_1_419' title='bbox 774 4465 786 4534; x_wconf 82' lang='grc' dir='ltr'><strong>ΙΙ</strong></span> <span class='ocrx_word' id='word_1_420' title='bbox 809 4471 841 4518; x_wconf 81' lang='lat'><strong>23</strong></span> <span class='ocrx_word' id='word_1_421' title='bbox 868 4469 999 4533; x_wconf 82' lang='lat' dir='ltr'><strong>octagoni</strong></span> <span class='ocrx_word' id='word_1_422' title='bbox 1016 4468 1045 4516; x_wconf 93' lang='lat' dir='ltr'><em>H</em></span> <span class='ocrx_word' id='word_1_423' title='bbox 1063 4464 1136 4529; x_wconf 87' lang='lat' dir='ltr'><strong>(Lc):</strong></span> <span class='ocrx_word' id='word_1_424' title='bbox 1167 4464 1295 4529; x_wconf 82' lang='lat' dir='ltr'><strong>octogoni</strong></span> <span class='ocrx_word' id='word_1_425' title='bbox 1320 4460 1414 4527; x_wconf 70' lang='lat' dir='ltr'><strong>tht).</strong></span> <span class='ocrx_word' id='word_1_426' title='bbox 1439 4460 1449 4527; x_wconf 72' lang='lat' dir='ltr'><strong>ll</strong></span> 
     </span>
     <span class='ocr_line' id='line_1_40' title="bbox 313 4547 1453 4621; baseline -0.008 -16"><span class='ocrx_word' id='word_1_427' title='bbox 313 4554 495 4621; x_wconf 81' lang='lat' dir='ltr'><strong>angiportnrir</strong></span> <span class='ocrx_word' id='word_1_428' title='bbox 513 4560 572 4616; x_wconf 78' lang='lat' dir='ltr'><strong>ante</strong></span> <span class='ocrx_word' id='word_1_429' title='bbox 591 4569 660 4606; x_wconf 79' lang='lat' dir='ltr'><strong>corr.</strong></span> <span class='ocrx_word' id='word_1_430' title='bbox 679 4553 705 4616; x_wconf 82' lang='lat' dir='ltr'><strong>(o</strong></span> <span class='ocrx_word' id='word_1_431' title='bbox 724 4570 760 4603; x_wconf 77' lang='lat' dir='ltr'><strong>ex</strong></span> <span class='ocrx_word' id='word_1_432' title='bbox 777 4553 805 4616; x_wconf 92' lang='lat' dir='ltr'><strong>u)</strong></span> <span class='ocrx_word' id='word_1_433' title='bbox 824 4553 860 4603; x_wconf 87' lang='lat' dir='ltr'><strong>H.</strong></span> <span class='ocrx_word' id='word_1_434' title='bbox 884 4549 897 4617; x_wconf 78' lang='lat' dir='ltr'><strong>[l</strong></span> <span class='ocrx_word' id='word_1_435' title='bbox 924 4554 957 4601; x_wconf 80' lang='lat'><strong>24</strong></span> <span class='ocrx_word' id='word_1_436' title='bbox 975 4551 1135 4601; x_wconf 84' lang='lat' dir='ltr'><strong>divisiones.</strong></span> <span class='ocrx_word' id='word_1_437' title='bbox 1158 4549 1204 4598; x_wconf 89' lang='lat' dir='ltr'><strong>XI.</strong></span> <span class='ocrx_word' id='word_1_438' title='bbox 1229 4547 1383 4599; x_wconf 87' lang='lat' dir='ltr'><strong>divisis</strong></span> <span class='ocrx_word' id='word_1_439' title='bbox 1403 4548 1453 4598; x_wconf 87' lang='grc' dir='ltr'>ΕΗ</span> 
     </span>
     <span class='ocr_line' id='line_1_41' title="bbox 313 4635 1452 4703; baseline -0.006 -13"><span class='ocrx_word' id='word_1_440' title='bbox 313 4639 381 4703; x_wconf 77' lang='lat' dir='ltr'><strong>(item</strong></span> <span class='ocrx_word' id='word_1_441' title='bbox 395 4640 440 4703; x_wconf 86' lang='lat' dir='ltr'><strong>LI,</strong></span> <span class='ocrx_word' id='word_1_442' title='bbox 459 4638 508 4688; x_wconf 85' lang='lat' dir='ltr'><strong>sed</strong></span> <span class='ocrx_word' id='word_1_443' title='bbox 519 4637 580 4688; x_wconf 91' lang='lat' dir='ltr'>XII.</span> <span class='ocrx_word' id='word_1_444' title='bbox 592 4638 677 4701; x_wconf 70' lang='lat' dir='ltr'><strong>Geel).</strong></span> <span class='ocrx_word' id='word_1_445' title='bbox 712 4655 837 4688; x_wconf 81' lang='lat' dir='ltr'><strong>numerum</strong></span> <span class='ocrx_word' id='word_1_446' title='bbox 854 4645 924 4687; x_wconf 82' lang='lat' dir='ltr'><strong>recte</strong></span> <span class='ocrx_word' id='word_1_447' title='bbox 943 4652 988 4686; x_wconf 86' lang='lat' dir='ltr'><strong>om.</strong></span> <span class='ocrx_word' id='word_1_448' title='bbox 1009 4637 1071 4685; x_wconf 86' lang='lat' dir='ltr'><strong>Lor.</strong></span> <span class='ocrx_word' id='word_1_449' title='bbox 1090 4636 1198 4697; x_wconf 79' lang='lat' dir='ltr'><strong>capituli</strong></span> <span class='ocrx_word' id='word_1_450' title='bbox 1213 4635 1277 4682; x_wconf 85' lang='lat' dir='ltr'><strong>enim</strong></span> <span class='ocrx_word' id='word_1_451' title='bbox 1295 4635 1316 4682; x_wconf 86' lang='lat' dir='ltr'><strong>is</strong></span> <span class='ocrx_word' id='word_1_452' title='bbox 1335 4639 1373 4682; x_wconf 86' lang='lat' dir='ltr'><strong>est</strong></span> <span class='ocrx_word' id='word_1_453' title='bbox 1391 4635 1452 4684; x_wconf 83' lang='lat' dir='ltr'><strong>duo·</strong></span> 
     </span>
     <span class='ocr_line' id='line_1_42' title="bbox 311 4718 1409 4789; baseline -0.006 -14"><span class='ocrx_word' id='word_1_454' title='bbox 311 4726 416 4783; x_wconf 81' lang='lat' dir='ltr'><strong>decimi,</strong></span> <span class='ocrx_word' id='word_1_455' title='bbox 445 4725 489 4789; x_wconf 80' lang='lat' dir='ltr'><strong>qni</strong></span> <span class='ocrx_word' id='word_1_456' title='bbox 513 4724 570 4789; x_wconf 80' lang='lat' dir='ltr'><strong>ipso</strong></span> <span class='ocrx_word' id='word_1_457' title='bbox 597 4726 669 4773; x_wconf 84' lang='lat' dir='ltr'><strong>titulo</strong></span> <span class='ocrx_word' id='word_1_458' title='bbox 688 4724 822 4788; x_wconf 80' lang='lat' dir='ltr'><strong>deperdito</strong></span> <span class='ocrx_word' id='word_1_459' title='bbox 845 4738 910 4770; x_wconf 74' lang='lat' dir='ltr'><strong>stunc</strong></span> <span class='ocrx_word' id='word_1_460' title='bbox 935 4724 1004 4770; x_wconf 84' lang='lat' dir='ltr'><strong>solus</strong></span> <span class='ocrx_word' id='word_1_461' title='bbox 1022 4725 1111 4768; x_wconf 82' lang='lat' dir='ltr'><strong>restat.</strong></span> <span class='ocrx_word' id='word_1_462' title='bbox 1142 4718 1175 4780; x_wconf 78' lang='lat' dir='ltr'><strong>cf.</strong></span> <span class='ocrx_word' id='word_1_463' title='bbox 1199 4718 1270 4781; x_wconf 74' lang='lat' dir='ltr'><strong>infro</strong></span> <span class='ocrx_word' id='word_1_464' title='bbox 1297 4719 1345 4779; x_wconf 79' lang='lat' dir='ltr'><strong>t&#39;l,</strong></span> <span class='ocrx_word' id='word_1_465' title='bbox 1365 4718 1409 4782; x_wconf 79' lang='grc'><strong>8.).</strong></span> 
     </span>
    </p>
   </div>
   <div class='ocr_carea' id='block_1_5' title="bbox 0 0 2002 5825">
    <p class='ocr_par' dir='ltr' id='par_1_7' title="bbox 0 0 2002 5825">
     <span class='ocr_line' id='line_1_43' title="bbox 0 0 2002 5825; baseline 0 0"><span class='ocrx_word' id='word_1_466' title='bbox 0 0 2002 5825; x_wconf 95' lang='lat' dir='ltr'><strong> </strong></span> 
     </span>
    </p>
   </div>
  </div>
 </body>
</html>
