3984 5825
657 728 659 733 ·
743 710 789 757 ns
809 709 1077 758 nncnrrscrum
1101 711 1169 757 nin.
1193 711 1227 758 x.
1485 695 1548 760 253

407 865 615 946 υπυμοχλιον
630 851 811 949 appellant,
836 872 868 926 et
890 862 1002 949 lingua
1017 863 1079 927 sub
1095 886 1175 927 orum
1192 863 1334 946 subdita,
1359 873 1457 951 eaput
1479 866 1548 929 eius

378 966 501 1031 niurias
526 963 665 1028 hominis
691 965 817 1030 viribus
841 988 989 1052 pressum
1017 966 1051 1030 id
1080 989 1160 1029 onus
1184 963 1322 1030 extollit.
1372 967 1549 1030 ituantem

409 1064 492 1152 quod
516 1065 649 1129 brevior
671 1089 744 1153 pars
768 1068 856 1153 prior
873 1069 974 1131 vectis
995 1066 1037 1130 ob
1054 1090 1091 1130 oa
1113 1067 1280 1154 pressione
1296 1066 1382 1152 quod
1405 1077 1455 1131 est
1476 1089 1549 1130 oeu-

408 1179 492 1230 trum
516 1167 605 1230 subit
633 1167 694 1231 suh
717 1190 797 1232 onus
805 1217 813 1250 ,
844 1178 875 1231 et
898 1167 984 1254 quod
1014 1166 1142 1253 longius
1166 1168 1206 1232 ab
1230 1192 1267 1233 eo
1290 1180 1401 1233 contro
1424 1169 1549 1233 distans

411 1279 506 1356 caput
536 1270 605 1333 caius
634 1291 692 1355 per
719 1269 753 1334 id
783 1268 970 1352 deducitur,
1008 1268 1162 1333 faciundo
1191 1282 1297 1334 motus
1327 1271 1583 1340 circinationiss

410 1371 495 1455 cogit
518 1370 740 1458 pressionibus
765 1373 944 1435 examinari
973 1373 1084 1458 pomis
1107 1371 1257 1437 inanibus
1280 1374 1387 1436 oneris
1416 1373 1549 1436 maximi

413 1456 567 1557 pondus.⁸
604 1473 681 1535 item
716 1474 744 1536 si
773 1471 834 1536 sub
867 1496 946 1537 onus
976 1473 1078 1537 rectis
1114 1473 1211 1536 ferrei
1245 1472 1370 1559 lingula
1403 1472 1551 1538 subiecta

410 1572 508 1637 luerit
531 1595 636 1659 neque
659 1574 728 1637 eius
754 1583 850 1660 caput
877 1577 1044 1661 pressione
1072 1575 1106 1638 in
1129 1576 1229 1638 imum
1251 1575 1309 1638 sed
1336 1573 1493 1639 adversus
1518 1575 1549 1636 in

410 1672 615 1738 altitudinem
648 1674 836 1757 extolletur,
871 1674 995 1760 lingula
1024 1674 1107 1739 fulto
1136 1677 1170 1740 in
1197 1699 1292 1740 arctoe
1319 1676 1387 1742 solo
1416 1674 1551 1741 habebit

409 1798 477 1839 (rum
501 1798 559 1862 pro
581 1798 692 1858 onere,
722 1778 828 1841 oneris
851 1789 959 1842 mrtem
982 1779 1085 1865 ipsius
1109 1778 1263 1863 angulum
1291 1801 1349 1865 pro
1373 1779 1601 1865 pressionem

410 1877 453 1940 itu
474 1900 541 1941 non
569 1889 634 1942 tom
663 1878 805 1945 faciliter
828 1902 924 1966 quam
952 1903 1010 1966 per
1038 1880 1278 1967 oppressionem
1307 1879 1365 1944 sed
1393 1879 1550 1944 adversus

409 1976 619 2043 nihilominus
644 1980 677 2045 id
699 1979 825 2068 pondus
850 1982 955 2045 oneris
979 1982 1040 2045 erit
1070 1982 1258 2046 excitatum.
1303 1981 1404 2066 igitur
1427 1982 1454 2045 si
1477 1981 1550 2068 plus

412 2078 535 2164 lingula
565 2083 667 2146 vectis
691 2105 789 2169 supra
817 2081 1069 2170 hypomochlion
1097 2084 1204 2170 posita
1226 2083 1286 2149 sub
1310 2106 1390 2147 onus
1414 2082 1552 2146 subierit

410 2193 441 2246 ct
463 2193 560 2269 ceput
576 2184 645 2248 (rius
669 2186 800 2271 propius
817 2194 963 2249 centrum
986 2186 1169 2272 pressiones
1185 2185 1352 2268 habuerit,
1375 2207 1440 2248 non
1462 2195 1550 2271 poto-

410 2285 451 2347 rit
487 2307 567 2348 onus
602 2283 730 2351 elevare
737 2336 746 2369 ,
781 2285 845 2350 nisi
879 2285 1153 2372 quemadmodum
1186 2309 1284 2373 supra
1318 2287 1474 2375 scriptum
1503 2295 1552 2348 ost
1573 2300 1603 2346 m

410 2386 609 2451 examinatio
633 2389 737 2451 rectis
762 2387 975 2472 longitudinis
999 2412 1056 2475 per
1079 2390 1194 2476 cupitis
1218 2387 1429 2453 deductiones
1453 2387 1553 2451 fuerit

410 2487 506 2551 l'acta.

369 2605 387 2652 4
493 2587 535 2652 Id
557 2599 665 2654 autem
686 2612 727 2654 ex
743 2591 886 2674 trutinis,
910 2614 993 2677 (luae
1010 2601 1151 2656 staterae
1167 2592 1332 2674 dicuntur,
1356 2578 1551 2657 licetconsi·

410 2689 534 2753 derare.
579 2713 652 2755 cum
675 2694 761 2757 eninr
783 2715 863 2757 anso
886 2694 1018 2781 propius
1041 2704 1139 2780 caput
1160 2692 1247 2760 undo
1270 2692 1399 2758 lancula
1420 2692 1552 2779 pendet,

411 2791 455 2854 ibi
486 2802 523 2854 ut
552 2800 697 2856 centrum
725 2803 775 2858 cst
808 2793 975 2859 conlocata
1003 2804 1034 2858 ot
1067 2794 1321 2882 aequipondium
1355 2795 1387 2858 iu
1416 2793 1550 2858 alterum
1571 2808 1603 2855 ‘ro

411 2902 536 2981 portem
565 2896 671 2981 scapi,
707 2917 765 2983 per
794 2906 915 2984 puncta
944 2896 1093 2981 vagando
1122 2920 1185 2982 quo
1214 2894 1341 2980 longius
1370 2906 1426 2959 out
1454 2896 1551 2960 etiam

412 2996 459 3082 od
476 3006 656 3060 extremum
680 2998 884 3084 perducitur,
912 2998 1064 3086 pauloet
1092 2999 1198 3085 inpari
1226 2997 1369 3084 pondere
1391 2995 1552 3083 muplissi-

385 3120 496 3187 'mam
520 3099 708 3185 pensionem
731 3121 841 3186 parem
864 3100 990 3186 perficit
1012 3123 1070 3188 per
1093 3100 1182 3187 scapi
1205 3097 1411 3163 librationem
1430 3100 1551 3163 emuni-

412 3201 511 3264 natio.
557 3197 687 3284 longius
711 3199 752 3265 uh
775 3211 886 3266 centro
901 3201 1057 3266 recedens
1075 3204 1122 3266 ita
1144 3199 1328 3265 inbecillior
1343 3200 1554 3288 aequipondii

412 3301 558 3365 brevitas
583 3302 735 3368 maiorem
752 3303 819 3366 vim
840 3302 993 3390 ponderis
1010 3314 1172 3368 momento
1188 3301 1352 3366 deducens
1370 3304 1440 3368 sine
1458 3302 1552 3366 veho-
1571 3315 1604 3362 rs

380 3403 535 3472 umentia
557 3392 699 3468 molliter
726 3403 768 3467 ab
791 3406 856 3469 imo
877 3428 987 3469 susum
1012 3427 1141 3470 versum
1165 3403 1277 3490 egredi
1300 3405 1397 3490 cogit.
1443 3426 1552 3491 quom·

484 3561 495 3608 l
516 3558 708 3624 hypomoclion
727 3560 785 3610 on.
808 3558 820 3627 ll
844 3560 918 3611 ‘zita
936 3577 995 3627 epo:
1019 3560 1046 3610 id
1066 3561 1124 3611 GH.
1150 3558 1162 3629 Η
1183 3562 1199 3611 4
1217 3561 1289 3627 quod
1307 3562 1360 3616 ed:
1385 3576 1438 3628 quo
1462 3561 1521 3635 Gli.
1542 3560 1553 3625 ssl

414 3642 508 3709 epid
534 3643 678 3695 deducitur
701 3645 845 3696 faciundo:
867 3648 905 3696 sic
929 3642 1023 3712 orni
1046 3646 1234 3697 dexnminari
1257 3645 1344 3701 Sasu:
1373 3663 1437 3697 -re
1462 3645 1520 3700 orl.
1542 3644 1553 3709 :i

367 3774 372 3784 ,
414 3731 428 3779 i
453 3728 551 3778 ferreis
574 3735 633 3778 ante
655 3744 709 3779 rus.
729 3728 758 3782 G.
784 3725 795 3794 ll
823 3729 1006 3780 sustolletur
1028 3732 1064 3780 L:
1094 3730 1192 3780 —litur
1217 3731 1266 3781 GH
1290 3731 1344 3794 (le).
1373 3728 1384 3797 Η
1415 3735 1442 3781 11
1466 3747 1484 3795 p
1509 3746 1555 3795 op-

414 3814 583 3878 pressionem
603 3813 679 3875 (-m'r
700 3812 745 3878 G):
763 3816 801 3863 sic
821 3813 879 3866 (ill.
897 3811 909 3880 ll
926 3815 956 3864 12
975 3814 1001 3864 id
1014 3814 1119 3881 pondus
1132 3815 1222 3866 Scia:
1241 3816 1270 3864 in
1288 3815 1393 3881 pondus
1413 3816 1470 3868 GlI.
1482 3811 1494 3881 ll
1512 3830 1555 3864 ex-

415 3897 529 3947 ‹eitstum
548 3896 615 3949 dec:
645 3898 824 3948 exercitatum
849 3898 907 3949 GH.
931 3894 942 3965 ll
971 3902 1002 3951 1³
1025 3899 1198 3966 hypomoclu'l
1224 3899 1282 3951 ull.
1306 3895 1318 3964 ll
1348 3901 1379 3948 14
1402 3899 1513 3965 propius
1534 3900 1555 3946 (ι’

415 3979 472 4047 (1ο);
501 3981 626 4046 proprius
650 3981 678 4031 II
696 3981 750 4046 (L).
775 3977 787 4049 [1
812 3984 841 4032 16
862 3984 952 4033 vectis
974 3983 1155 4048 longitudinis
1178 3987 1296 4049 pcuput
1319 3998 1380 4047 neq3
1404 3982 1554 4047 ductionih3

417 4065 468 4114 oli
490 4065 685 4131 (longitudinis
703 4070 742 4116 vel
759 4082 827 4116 -nc
851 4082 899 4132 per
922 4069 1024 4135 cepitis
1047 4068 1226 4119 deductiones
1248 4084 1307 4134 epo,
1331 4068 1419 4118 vectis
1447 4067 1555 4132 longius

416 4165 465 4214 per
483 4153 569 4215 ceput
581 4148 792 4201 deductionibus
805 4150 901 4215 Scia).
922 4148 934 4218 Η
956 4154 987 4203 19
1006 4153 1151 4218 propines
1169 4152 1247 4218 (scih
1267 4151 1391 4218 proprius
1408 4152 1438 4202 Ii
1450 4150 1527 4215 (lde).
1541 4151 1552 4216 li

417 4233 529 4285 lancula
547 4235 577 4285 II
594 4232 677 4299 (Llc):
697 4234 802 4300 lingula
822 4237 850 4286 G.
874 4232 886 4301 ΙΙ
909 4239 942 4287 20
960 4236 999 4287 ibi
1017 4242 1047 4287 ut
1065 4237 1147 4287 Man:
1171 4238 1267 4287 abiut
1286 4236 1336 4287 GH
1354 4234 1406 4299 (uti
1425 4236 1460 4286 ed
1479 4236 1553 4287 Solen.

416 4336 469 4368 cum
486 4318 525 4383 s).
548 4314 560 4383 ll
583 4320 615 4368 22
634 4324 662 4368 et
680 4320 779 4385 imperi
799 4320 880 4370 Ilode:
900 4318 1025 4387 &rilpnri
1044 4322 1080 4380 ll,
1100 4321 1231 4388 crispari
1252 4318 1357 4385 &1123
1374 4336 1468 4386 parem
1485 4322 1555 4372 loc:

417 4408 494 4468 purte
516 4402 576 4453 (ill.
594 4399 606 4470 ll
621 4403 797 4454 librationem
818 4404 839 4453 rh
856 4404 895 4467 (ct
909 4404 940 4469 (ι’)
960 4406 1192 4456 examinationi!
1211 4403 1249 4467 (et
1267 4408 1315 4459 del.
1336 4405 1420 4468 Selia,
1439 4412 1556 4471 punctum

416 4495 476 4538 rante
495 4487 605 4552 longius
623 4503 670 4553 epu
688 4485 781 4553 posui).
806 4484 817 4553 ΙΙ
844 4492 876 4540 24
896 4490 929 4539 uh
949 4496 1058 4540 centro:
1081 4492 1117 4539 ric
1141 4489 1199 4539 (ill.
1223 4487 1235 4556 ΙΙ
1258 4490 1435 4541 inbecilliora
1454 4490 1497 4556 e(e
1512 4491 1556 4552 (ι’)-

418 4588 560 4655 ‹pripondii
585 4589 643 4639 611.
669 4586 683 4657 Η
710 4592 742 4639 ‘ld
762 4590 851 4642 ebimo
874 4594 953 4643 sursir
973 4593 994 4642 (ι’
1013 4578 1103 4660 (suisti
1123 4593 1157 4641 (1¹⁶
1175 4595 1217 4658 qui
1234 4596 1284 4643 anu
1301 4592 1413 4657 susum),
1434 4594 1468 4642 ab
1488 4594 1556 4642 imos

418 4675 468 4723 ussi
482 4674 511 4722 II
530 4673 573 4736 (L,
587 4673 629 4723 uei
646 4675 683 4724 ιθ
702 4675 736 4725 ad
751 4676 826 4735 imos,
846 4677 880 4726 ab
900 4677 954 4725 imo
973 4690 1064 4726 susum
1077 4679 1108 4739 lc,
1127 4691 1234 4727 sursum
1246 4676 1282 4740 Ιι).
1300 4674 1312 4744 [l
1334 4676 1408 4744 cogit
1427 4677 1555 4728 futurum.

418 4758 651 4819 Quemadmodum
665 4762 718 4812 GH
733 4761 865 4826 (laturum
884 4762 933 4811 del.
948 4765 1013 4825 Joc,
1033 4760 1149 4812 fulcrum
1163 4759 1254 4827 Man).
