3984 5825
685 680 732 727 on
755 681 1021 729 srrcurrscruua
1044 683 1112 730 um.
1138 682 1183 730 v1.
1445 671 1504 736 135

357 833 574 899 observanda.
618 856 757 920 namque
780 833 828 899 sol
851 835 968 921 quibus
998 835 1077 899 locis
1105 836 1313 901 mediocriter
1334 839 1503 926 profundit

356 958 510 1023 vapores,
533 937 568 1000 in
582 937 633 1001 his
649 947 820 1002 conservat
835 960 970 1023 corpora
985 947 1176 1024 temperata,
1193 961 1340 1024 quaeque
1355 942 1503 1028 proxime

358 1037 520 1102 currendo
549 1036 724 1123 deflagrat,
758 1039 855 1125 eripit
890 1039 1056 1104 exurendo
1089 1034 1341 1126 temperaturam
1368 1043 1501 1107 umoris.

358 1150 474 1205 contra
497 1161 575 1205 vero
604 1139 805 1225 refrigeratis
833 1140 1038 1225 regionibus,
1067 1142 1153 1227 quod
1180 1142 1301 1206 obsunt
1323 1165 1342 1205 u
1365 1144 1502 1208 meridie

357 1241 466 1327 longe,
490 1263 556 1305 non
578 1240 770 1305 exhauritur
791 1263 811 1305 a
834 1241 995 1307 caloribus
1018 1264 1121 1324 umor,
1146 1242 1202 1306 sed
1227 1265 1268 1306 ex
1291 1243 1379 1309 caelo
1402 1247 1535 1310 rosei-5

357 1342 420 1409 dus
442 1364 498 1407 aer
521 1344 555 1407 in
577 1364 713 1432 corpora
735 1344 874 1408 fundens
896 1365 1042 1408 umorem
1070 1343 1172 1408 efficit
1193 1343 1366 1431 ampliores
1390 1370 1501 1433 corpo-

358 1456 484 1510 raturas
507 1445 664 1533 vocisque
686 1445 812 1511 sonitus
834 1447 1012 1531 graviores.
1058 1469 1100 1509 ex
1123 1468 1159 1510 eo
1183 1468 1312 1533 quoquo
1335 1468 1417 1534 quae
1440 1448 1501 1512 sub

358 1547 636 1634 septentrionibus
658 1549 848 1613 nutriuntur
869 1557 983 1633 gentes
1001 1548 1185 1613 inmanibus
1201 1550 1402 1634 corporibus,
1427 1573 1500 1614 cau-

359 1647 446 1714 didis
470 1646 649 1731 coloribus,
678 1649 803 1714 directo
824 1649 940 1737 capillo
965 1659 996 1712 et
1019 1650 1107 1732 rufo,
1136 1648 1238 1714 oculis
1263 1652 1396 1734 caesiis,
1428 1675 1499 1715 sau·

357 1752 458 1836 guine
485 1748 588 1816 multo
615 1750 657 1814 ab
684 1751 807 1817 umoris
834 1750 991 1838 plenitate
1025 1750 1170 1838 caelique
1196 1749 1501 1843 refrigerationibus
1521 1762 1551 1810 10
1632 1830 1637 1841 ἱ

318 1861 434 1919 esunt
456 1850 659 1917 conformati.
697 1853 753 1939 qui
774 1863 883 1918 autem
906 1862 981 1918 sunt
1003 1853 1143 1938 proximi
1167 1852 1208 1915 ad
1231 1874 1326 1916 axem
1349 1855 1499 1919 meridia·

357 1976 436 2018 num
459 1953 662 2041 subiectique
684 1953 763 2019 solis
786 1955 911 2035 cursui,
935 1953 1141 2049 brevioribus
1165 1954 1370 2040 corporibus,
1394 1955 1500 2021 colore

338 2056 460 2138 lusco,
476 2056 584 2142 crispo
600 2053 728 2144 capide,
744 2054 847 2122 oculis
862 2057 978 2141 nigris,
995 2055 1143 2120 cruribus
1159 2054 1325 2139 invalidis,
1342 2060 1500 2142 sanguiue

358 2158 479 2243 exiguo
502 2156 579 2223 solis
601 2159 725 2245 impetu
752 2157 975 2244 perficiuntur.
1020 2159 1130 2245 itaque
1153 2158 1249 2222 etiam
1271 2169 1404 2245 propter
1427 2181 1498 2223 sau-

355 2260 465 2345 guinis
489 2260 702 2344 exiguitatem
723 2259 904 2324 timidiores
919 2269 996 2354 sunt
1008 2258 1094 2324 ferro
1109 2262 1271 2343 resistere,
1295 2261 1353 2326 sed
1368 2261 1500 2327 ardores
1520 2272 1550 2320 15

356 2384 396 2425 oc
422 2360 532 2427 febres
560 2360 719 2426 sufferunt
751 2361 822 2426 sine
851 2361 984 2444 timore,
1020 2362 1107 2448 quod
1136 2363 1259 2426 nutrita
1287 2372 1362 2426 sunt
1390 2385 1499 2428 eorum

356 2463 504 2528 membra
531 2448 773 2527 cum'fervore.
822 2463 933 2549 itaque
962 2484 1096 2549 corpora
1124 2485 1206 2550 quae
1234 2474 1411 2529 naseuntur
1438 2465 1499 2530 sub

356 2564 578 2653 septentrione
605 2587 625 2628 a
653 2564 738 2628 febri
771 2573 848 2629 sunt
874 2563 1040 2629 timidiora
1069 2575 1100 2630 et
1127 2563 1295 2646 inbecilla,
1329 2568 1498 2651 sanguinis

355 2677 465 2733 autem
487 2665 689 2731 abundantia
710 2665 797 2731 ferro
819 2667 977 2731 resistunt
999 2667 1070 2729 sine
1092 2668 1219 2731 timore.

320 2788 338 2835 s
440 2769 516 2835 Non
537 2768 644 2833 minus
672 2790 770 2833 sonus
798 2769 890 2834 vocis
919 2769 953 2831 in
979 2769 1154 2853 generibus
1183 2770 1329 2852 gentium
1351 2769 1499 2856 dispares
1517 2784 1549 2830 ‘20

355 2881 390 2937 et
411 2871 521 2935 varias
544 2868 642 2936 habet
665 2867 855 2957 qualitates,
885 2869 958 2934 ideo
988 2869 1075 2956 quod
1101 2870 1286 2935 terminatio
1309 2871 1443 2935 orientis
1467 2882 1498 2936 ot

354 2972 536 3040 occidentis
559 2974 644 3037 circa
665 2981 770 3037 terrae
791 2972 1014 3053 librationem,
1039 2993 1101 3057 qua
1124 2970 1285 3035 dividitur
1306 2994 1380 3058 pars
1403 2995 1497 3058 supo-

353 3077 422 3141 rior
444 3082 478 3139 et
499 3073 635 3139 inferior
649 3074 774 3157 mundi,
796 3072 917 3138 habere
932 3071 1064 3136 videtur
1078 3070 1231 3136 libratam
1245 3072 1385 3136 naturali
1401 3073 1497 3139 modo

270 3245 273 3250 Α
354 3175 631 3259 circumitionem,
669 3198 765 3263 quam
803 3175 901 3240 etiam
934 3174 1156 3238 mathematici
1189 3177 1341 3256 οριζοντα
1374 3172 1496 3239 dicunt.

353 3279 457 3365 igitur
480 3299 554 3341 cum
575 3277 611 3341 id
632 3275 790 3343 habemus
818 3286 943 3341 certum
964 3277 1073 3341 animo
1096 3276 1312 3359 sustinentes,
1340 3275 1382 3339 ub
1405 3275 1495 3341 labro
1515 3288 1547 3336 ao

353 3379 443 3469 quod
466 3388 516 3445 est
538 3379 573 3443 in
593 3379 728 3465 regione
750 3376 1006 3466 septentrionali,
1030 3376 1116 3441 linea
1138 3378 1272 3442 traiecta
1294 3376 1337 3440 ad
1359 3378 1393 3441 id
1409 3379 1497 3464 quod

353 3493 405 3549 est
427 3503 526 3570 supra
547 3481 762 3547 meridianum
783 3502 880 3544 axem
901 3481 944 3544 ab
966 3501 1068 3565 coque
1090 3477 1192 3544 altera
1214 3477 1346 3565 obliqua
1368 3480 1402 3544 in
1423 3479 1496 3544 alti-

352 3585 503 3651 tudinem
529 3582 571 3648 ad
601 3606 762 3650 summum
789 3581 954 3646 cardinem
984 3582 1041 3667 qui
1069 3590 1117 3646 est
1139 3591 1212 3667 post
1235 3579 1344 3645 stellas
1369 3591 1495 3667 septon-

424 3794 438 3842 1
456 3791 526 3842 Nam
544 3788 585 3841 sel
603 3795 661 3841 ante
680 3804 748 3843 corr.
769 3789 791 3840 G
809 3789 869 3852 (noa
887 3787 934 3854 Ε).
955 3784 967 3854 Η
989 3791 1004 3839 3
1023 3788 1159 3854 deflagrat
1181 3789 1218 3837 L:
1242 3787 1397 3853 deflagrant
1420 3788 1498 3838 EGH

353 3874 410 3941 (lc).
435 3871 448 3942 Η
470 3877 486 3926 5
505 3874 645 3926 caloribus
663 3873 713 3924 EG
731 3872 791 3939 (L):
812 3873 949 3925 coloribus
969 3874 996 3921 II
1015 3870 1068 3938 (Ic).
1093 3868 1104 3939 Η
1127 3872 1278 3923 tifundons
1291 3872 1340 3920 EG
1358 3871 1416 3936 (l1):
1437 3872 1497 3920 sun-

352 3960 424 4011 dans
442 3961 470 4010 H
488 3958 550 4023 (cll).
569 3955 582 4026 Η
604 3940 705 4009 honore
722 3966 781 4009 ante
798 3975 866 4011 corr.
888 3956 987 4021 Glnon
999 3956 1045 4016 El.
1067 3953 1078 4024 Η
1098 3959 1113 4006 7
1132 3972 1239 4022 quoque
1259 3971 1329 4021 quae
1347 3972 1407 4019 epo:
1427 3970 1495 4018 quo-

353 4061 407 4111 que
425 4043 513 4095 ΕΘΗ.
536 4039 550 4110 Η
572 4047 587 4095 9
610 4043 724 4094 derecto
747 4044 810 4101 011,
834 4042 939 4093 directo
962 4042 987 4091 Ε
1011 4041 1089 4106 (Lle).
1113 4038 1124 4108 Η
1148 4042 1238 4092 eaesis
1262 4041 1344 4105 (cesis
1364 4038 1420 4102 GL)
1446 4040 1496 4089 GH

353 4128 442 4195 (Lle)=
468 4127 561 4179 caeeis
584 4128 618 4183 E.
646 4123 659 4196 Η
687 4131 718 4179 10
735 4128 872 4195 plenitate
891 4129 921 4177 le.
950 4122 963 4192 Η
990 4130 1021 4178 13
1039 4126 1141 4192 capillo
1162 4133 1222 4191 post
1241 4128 1317 4188 finem
1340 4139 1427 4175 versus
1449 4140 1494 4173 om.

355 4214 384 4273 G,
403 4230 454 4265 aon
472 4213 498 4264 Ε
516 4208 610 4278 (suppl.
630 4213 684 4277 60).
707 4209 719 4279 Η
742 4212 868 4264 curribus
891 4220 950 4262 aute
973 4229 1042 4264 corr.
1065 4213 1093 4264 G.
1117 4206 1129 4274 Η
1153 4208 1285 4260 invalidis
1301 4210 1370 4260 doe:
1394 4207 1514 4294 validis·

355 4299 441 4351 EGH.
459 4294 472 4365 Η
489 4299 521 4348 16
539 4301 641 4348 tumore
654 4299 683 4347 H
695 4296 732 4360 (et
749 4304 808 4349 cate
826 4313 895 4350 corr.
908 4297 943 4362 e).
961 4293 972 4362 Η
990 4297 1022 4346 18
1041 4312 1057 4345 a
1073 4294 1159 4345 febris
1178 4294 1203 4343 a*
1222 4289 1494 4357 (nonG).ll221ibe·

353 4385 491 4434 rationem
503 4390 563 4449 aate
580 4399 649 4436 corr.
669 4382 730 4432 erc
748 4380 902 4445 (nonEHl),
922 4390 949 4431 at
966 4399 987 4432 o.
1008 4385 1043 4432 23
1062 4381 1209 4430 liberatam
1227 4386 1286 4429 ante
1304 4393 1372 4429 corr.
1391 4393 1412 4425 c.
1430 4373 1441 4441 Η
1462 4380 1494 4426 ‘m

354 4484 449 4535 quam:
461 4470 500 4521 eie
512 4467 597 4521 EGII.
616 4463 627 4533 Η
644 4468 768 4518 orizonte
778 4466 837 4529 GH,
848 4466 955 4517 rizonta
965 4466 990 4514 E
1001 4463 1066 4525 (scit.
1076 4462 1407 4547 mathematicipvriaonta
1420 4462 1494 4510 etiam

355 4572 397 4636 e).
421 4567 434 4638 Η
456 4572 575 4621 2beum:
593 4565 797 4633 reserauit
815 4585 862 4619 om.
885 4569 907 4618 E
926 4566 986 4631 (noa
1007 4566 1047 4630 G).
1071 4562 1083 4631 Η
1107 4566 1141 4616 ab
1161 4564 1239 4614 ΕΘΗ
1257 4562 1403 4627 (Ltaeb).
1427 4560 1438 4629 Η
1462 4566 1493 4613 27

354 4671 449 4721 supra:
467 4657 506 4706 rie
517 4654 603 4706 ΕΘΗ.
620 4650 633 4721 Η
649 4652 737 4703 altera
749 4652 860 4719 obliqua
877 4655 958 4703 Laet:
982 4650 1068 4702 alteri
1086 4649 1196 4714 obliqui
1214 4648 1273 4706 Eo,
1294 4648 1409 4699 alteram
1429 4647 1496 4699 obli-

356 4756 434 4806 quam
453 4740 490 4792 II.
