3984 5825
434 685 498 750 256
929 699 1087 748 vrrnnvn

436 865 467 916 et
500 854 640 939 primum
676 853 784 917 dicam
812 853 854 916 de
885 862 1052 940 tympana.
1107 852 1140 915 id
1167 862 1276 916 autem
1304 876 1369 916 non
1402 852 1468 916 alte
1495 852 1585 916 tollit

434 977 553 1040 aquam
580 955 637 1017 sed
673 954 825 1017 exhaurit
859 953 1106 1040 expeditissime
1139 952 1383 1045 multitudinem
1416 977 1583 1038 magnam.

434 1056 476 1118 ad
499 1067 629 1120 1611111111
644 1066 700 1119 6111
716 1058 872 1119 circinum
895 1054 1075 1119 fabricatur
1090 1056 1173 1136 axis,
1198 1055 1362 1141 capitibus
1386 1055 1494 1118 lamna
1518 1055 1582 1117 fer-

435 1159 526 1240 ratis,
549 1158 673 1221 habens
696 1160 730 1220 in
752 1156 861 1221 medio
889 1160 975 1234 circa
1004 1179 1039 1221 se
1067 1167 1258 1243 tympanum
1282 1179 1324 1220 ex
1351 1156 1472 1221 tabulis
1495 1158 1584 1220 inter

402 1276 470 1322 ase
493 1261 737 1343 coagmentatis.
783 1257 967 1323 conlocatur
995 1261 1029 1322 in
1059 1258 1227 1345 stipitibus
1257 1252 1455 1323 habentibus
1483 1261 1522 1336 in
1548 1281 1583 1323 se

436 1361 496 1425 sub
519 1363 626 1448 capita
649 1361 722 1424 axis
745 1361 866 1423 ferreas
890 1360 1025 1423 lamnas.
1055 1362 1090 1424 in
1112 1363 1181 1425 eius
1205 1362 1353 1446 tympani
1376 1361 1581 1424 6616111161·-

435 1471 599 1549 ponuntur
621 1473 693 1526 octo
716 1460 847 1525 tabulae
869 1471 1076 1526 transversae
1098 1472 1268 1545 tangentes
1297 1483 1393 1524 axem
1417 1470 1450 1524 61
1472 1470 1580 1525 extre-

435 1587 518 1626 mam
541 1565 689 1650 tympani
712 1565 980 1645 circumitionem,
1005 1585 1086 1648 quae
1102 1563 1258 1626 dividunt
1272 1561 1422 1648 aequalia
1437 1565 1471 1626 in
1496 1572 1581 1649 tym-

434 1688 519 1751 pano
548 1666 663 1751 spatia.
714 1666 800 1727 circa
828 1664 966 1727 frontem
996 1667 1066 1728 eius
1094 1665 1239 1748 figuntur
1272 1662 1419 1748 tabulae,
1455 1662 1618 1727 relictisa

385 1782 416 1827 16
434 1765 688 1853 semipedalibus
710 1767 871 1851 aperturis
894 1766 936 1829 ad
958 1788 1075 1852 aquam
1098 1767 1184 1828 intra
1207 1764 1463 1850 concipiendam.
1502 1766 1582 1828 item

433 1868 613 1932 secundum
635 1890 730 1930 axem
746 1866 945 1932 columbaria
960 1867 1042 1930 liunt
1063 1876 1223 1930 excavata
1245 1869 1279 1930 in
1302 1865 1440 1952 singulis
1462 1868 1584 1954 spatiis

435 1992 476 2033 ex
504 1992 569 2034 una
597 1980 699 2056 66116.
744 1967 779 2032 id
805 1978 914 2032 autem
941 1992 1014 2032 cum
1043 1980 1092 2032 est
1119 1966 1230 2031 navali
1263 1970 1388 2032 ratione
1421 1969 1582 2053 picatum,

433 2071 619 2135 hominibus
649 2070 850 2134 calcantibus
878 2081 1029 2134 versatur
1057 2081 1089 2134 et
1115 2069 1295 2134 hauriendo
1323 2091 1382 2158 per
1409 2079 1582 2157 aperturas

434 2196 517 2258 quae
545 2184 621 2236 sunt
649 2173 682 2235 in
710 2172 872 2236 frontibus
902 2173 1050 2259 tympani
1077 2170 1187 2234 reddit
1215 2192 1274 2257 per
1301 2170 1504 2236 columbaria
1532 2196 1582 2236 se-

385 2291 416 2336 16
434 2275 577 2337 eundum
603 2296 701 2337 axem
734 2274 904 2360 supposito
938 2272 1029 2336 labro
1057 2271 1165 2358 ligneo
1197 2271 1338 2337 habente
1367 2296 1433 2337 una
1469 2296 1581 2338 secum

434 2378 641 2440 coniunctum
663 2373 819 2437 canalem.
864 2374 1035 2438 1161161116
1058 2374 1100 2437 ad
1122 2373 1331 2458 inrigandum
1353 2373 1408 2438 vel
1435 2376 1481 2439 ad
1504 2375 1580 2439 sali-

433 2499 492 2540 nas
515 2477 557 2538 ad
579 2476 825 2561 temperandum
849 2477 1024 2563 praebetur
1039 2497 1142 2562 aquae
1157 2474 1342 2539 multitudo.
1380 2497 1454 2540 cum
1470 2488 1613 2541 autema

434 2576 530 2640 altius
554 2575 775 2641 extollendum
798 2577 871 2659 erit,
895 2578 1008 2640 eadem
1030 2579 1114 2640 ratio
1137 2574 1389 2642 commutabitur
1410 2579 1469 2642 sic.
1508 2589 1582 2643 rota

433 2680 488 2743 liet
517 2680 638 2743 circum
665 2701 762 2742 axem
791 2701 828 2742 ea
855 2677 1081 2764 magnitudine
1109 2689 1144 2743 ut
1177 2678 1221 2742 ad
1254 2677 1463 2743 altitudinem
1497 2703 1580 2766 quae

384 2799 514 2868 6666116
537 2780 637 2844 fuerit
659 2783 835 2845 convenire
856 2783 968 2867 possit.
1020 2781 1141 2843 circum
1169 2790 1351 2844 extremum
1378 2779 1466 2845 latus
1489 2791 1580 2846 rotae

432 2881 576 2968 figentur
597 2882 730 2947 modioli
753 2881 904 2969 quadrati
927 2884 999 2969 pice
1022 2891 1055 2947 61
1077 2903 1151 2945 6616
1165 2879 1307 2946 solidati.
1342 2884 1389 2947 ita
1412 2903 1487 2947 cum
1508 2894 1581 2948 rota

432 3008 452 3049 a
480 2985 681 3049 calcantibus
715 2984 915 3066 versabitur,
948 2984 1083 3048 modioli
1116 2984 1204 3070 pleni
1236 2983 1279 3046 ad
1307 3006 1471 3047 summum
1502 2985 1580 3050 elati

432 3110 544 3152 rursus
566 3087 608 3150 ad
631 3087 730 3149 imum
753 3095 954 3150 revertentes
983 3085 1159 3149 infundent
1180 3086 1215 3148 in
1241 3083 1411 3149 castellum
1431 3088 1499 3173 ipsi
1520 3110 1580 3175 per

433 3212 468 3253 se
495 3188 582 3275 quod
610 3186 797 3252 extulerint.
841 3189 892 3251 sin
919 3196 1028 3251 autem
1055 3188 1160 3272 magis
1188 3187 1263 3250 altis
1291 3186 1371 3251 locis
1400 3184 1612 3275 6111611664

382 3306 414 3353 25
433 3291 588 3373 bendum,
612 3292 646 3353 in
668 3290 813 3353 eiusdem
835 3299 926 3352 rotae
947 3310 1010 3351 axe
1026 3287 1174 3353 involuta
1196 3287 1318 3376 duplex
1333 3287 1441 3353 ferrea
1464 3301 1580 3354 eatena

432 3393 638 3477 demissaque
660 3388 702 3454 ad
724 3393 825 3455 imum
846 3389 1077 3455 libramentum
1092 3389 1326 3473 conlocabitur,
1348 3390 1475 3457 habens
1498 3393 1579 3457 situ-

499 3652 514 3699 2
533 3646 685 3713 magnitud
699 3650 779 3698 tenni
793 3648 823 3709 G,
836 3652 935 3713 magna
946 3691 951 3702 .
964 3650 999 3699 ad
1011 3650 1092 3700 1611111
1103 3646 1132 3698 H
1145 3647 1283 3713 (magnam
1297 3653 1346 3699 aut
1357 3654 1466 3699 tornum
1478 3651 1548 3717 hle).
1566 3655 1577 3717 ΙΙ

432 3733 621 3803 3161666161
640 3734 724 3784 Mna:
747 3738 827 3782 —tus
851 3734 902 3783 GH
924 3734 994 3796 (6116
1013 3737 1095 3798 suppl.
1115 3734 1175 3783 Joc.
1193 3736 1251 3783 6161.
1268 3732 1315 3781 Fit
1333 3734 1393 3783 axis
1412 3734 1450 3783 ad
1468 3740 1579 3787 tornum

498 3819 666 3876 fabricatus,
688 3819 737 3867 sed
753 3817 823 3870 Mar.
848 3817 908 3867 6116
931 3819 966 3867 ad
983 3823 1090 3868 tornum
1176 3817 1352 3880 fabricatur).
1377 3814 1389 3883 ΙΙ
1411 3817 1506 3870 lamna
1527 3821 1580 3871 GH

432 3904 477 3969 (L,
490 3904 621 3953 lammina
634 3900 676 3963 Ic).
689 3899 701 3967 ΙΙ
711 3904 728 3950 4
737 3916 766 3950 66
779 3918 825 3952 om.
838 3902 859 3951 G
867 3903 956 3965 (61166
965 3902 1120 3968 tympani).
1133 3898 1145 3967 ΙΙ
1157 3904 1173 3953 5
1186 3901 1347 3951 conlocatur
1356 3899 1429 3962 (-t⁹
1440 3905 1478 3961 H,
1491 3904 1574 3955 collo·

432 3986 495 4038 cat²
515 3988 546 4053 (i)
567 3989 608 4036 in:
626 3992 663 4036 616
682 3985 733 4035 GH
751 3986 792 4048 (Ic,
808 3986 968 4036 conlocatus
986 3987 1015 4034 in
1028 3986 1071 4049 L).
1094 3982 1107 4052 ΙΙ
1129 3988 1144 4035 6
1164 3984 1259 4049 666116
1273 3984 1324 4035 GH
1336 3982 1380 4045 (L,
1393 3988 1488 4051 capite
1506 3989 1551 4053 lc).
1565 3999 1576 4055 lg

431 4073 576 4122 lamminas
597 4071 647 4120 GH
666 4068 744 4134 (Llc).
768 4066 780 4135 ΙΙ
803 4073 818 4121 8
838 4069 963 4121 dividunt
987 4070 1039 4118 GH
1057 4069 1100 4132 (L,
1119 4070 1221 4119 -dant
1238 4068 1280 4132 lc).
1303 4065 1317 4135 ΙΙ
1343 4069 1457 4134 aqualia
1473 4069 1523 4136 (16
1543 4074 1577 4123 G:

431 4157 543 4221 aequali
561 4157 590 4204 in
609 4156 638 4203 H
650 4154 730 4217 (hle).
748 4151 759 4219 ΙΙ
778 4157 808 4204 12
828 4156 930 4219 pictum
948 4153 993 4203 12⁶.
1011 4150 1023 4218 ΙΙ
1040 4157 1071 4203 13
1084 4153 1236 4203 hauriendo
1252 4168 1271 4217 6
1290 4158 1437 4219 aperturas
1450 4191 1457 4205 .
1468 4194 1492 4209 ..
1507 4162 1577 4222 tym-

429 4246 496 4307 pani
514 4242 602 4291 reddit
619 4240 642 4290 81
661 4240 745 4305 (eto)
767 4256 781 4303 6
796 4240 846 4289 GH
859 4240 941 4302 (Llcb,
958 4243 1007 4291 sed
1023 4242 1052 4290 lc
1064 4249 1122 4291 6616
1140 4243 1230 4291 reddit
1246 4243 1331 4306 66661.
1344 4240 1468 4307 aquam),
1486 4244 1532 4294 nbi
1549 4253 1577 4294 et

431 4329 545 4390 (zoam
562 4325 632 4388 loe.)
651 4327 701 4375 del.
719 4323 796 4374 Scin.
819 4321 830 4390 ΙΙ
854 4325 885 4373 15
903 4323 1036 4374 habente:
1060 4328 1098 4375 ric
1117 4327 1174 4376 GH.
1198 4322 1210 4392 ΙΙ
1235 4329 1266 4377 18
1284 4327 1502 4378 commutabitur
1520 4332 1576 4382 ed:

431 4410 674 4461 communicabitur
694 4410 751 4458 GH.
774 4404 785 4474 ΙΙ
810 4410 841 4458 19
861 4407 996 4459 66861161
1016 4408 1110 4458 eadem
1125 4410 1183 4461 GH.
1207 4406 1219 4475 (Ι
1241 4414 1273 4460 61
1289 4410 1441 4462 altitudine
1453 4410 1514 4475 (661.
1528 4414 1575 4478 ad)

431 4496 460 4547 6.
476 4491 488 4560 ΙΙ
506 4510 577 4569 quae
597 4494 661 4559 (que
683 4494 727 4555 G):
746 4495 783 4542 rie
803 4493 852 4542 GII
871 4492 935 4557 (qua
946 4490 1025 4555 loa).
1042 4489 1053 4556 ΙΙ
1070 4494 1102 4541 22
1121 4493 1187 4543 61611
1199 4496 1243 4543 cll:
1262 4492 1337 4544 &lati
1355 4495 1385 4543 H
1398 4493 1441 4559 (L,
1460 4494 1574 4561 116111),

431 4577 517 4626 adlati
536 4578 626 4640 (allati
646 4579 692 4639 6⁶)
712 4579 741 4627 G.
759 4573 771 4640 ΙΙ
791 4579 824 4625 24
843 4578 1002 4640 extullerint
1019 4580 1048 4627 H
1067 4577 1099 4642 (c,
1118 4588 1145 4630 61
1161 4580 1233 4642 infra
1250 4598 1272 4629 6.
1292 4582 1308 4628 4
1323 4596 1353 4643 6.
1371 4595 1426 4645 aeq.
1445 4581 1507 4639 ch,
1528 4598 1575 4631 ex-

430 4661 542 4710 tulerint
561 4661 669 4726 11611161
695 4661 853 4712 extulerunt
872 4661 900 4712 θ.
922 4658 934 4728 ΙΙ
957 4662 1022 4713 altis
1040 4664 1110 4714 Jon:
1136 4663 1199 4713 aliis
1223 4664 1280 4713 GH.
1304 4660 1316 4730 ΙΙ
1338 4666 1373 4715 26
1394 4664 1525 4716 involuta
1546 4667 1577 4716 H

429 4742 512 4808 (hlc):
529 4744 626 4793 voluta
645 4747 674 4799 G.
1074 4744 1076 4747 ’
