3984 5825
436 651 476 712 10
923 662 1079 710 vrrsuvn

434 818 614 903 ceterisque
647 816 796 881 omnihus
832 814 989 880 doctrinis
1019 813 1140 879 multae
1174 837 1226 879 res
1261 815 1315 879 vel
1345 838 1455 880 omnes
1493 839 1577 881 com-

435 942 547 984 munes
577 929 653 984 sunt
685 918 855 982 dumtaxat
889 915 932 981 ad
964 917 1206 1004 disputandum.
1257 939 1390 1004 ope1um
1419 940 1499 981 vero
1528 919 1578 982 in-

433 1044 579 1107 gressus,
609 1022 666 1108 qui
696 1043 794 1084 manu
821 1042 859 1083 ac
885 1019 1134 1084 tractationibus
1162 1019 1205 1082 ad
1234 1017 1430 1104 elegantiam
1457 1020 1577 1106 perdu-

433 1133 561 1207 cuntur,
584 1125 730 1209 ipsorum
753 1130 828 1188 sunt
850 1122 906 1208 qui
928 1122 1059 1208 proprie
1081 1143 1145 1184 una
1159 1129 1229 1185 arte
1244 1119 1287 1184 ad
1302 1120 1488 1186 faciendum
1505 1133 1581 1188 sunt

400 1227 587 1290 tinstituti.
632 1246 710 1309 ergo
737 1224 816 1288 satis
845 1221 975 1287 abunde
998 1221 1130 1288 videtur
1151 1222 1270 1286 fecisse
1298 1224 1354 1308 qui
1377 1245 1418 1287 ex
1441 1224 1581 1309 singulis

434 1327 591 1392 doctrinis
620 1335 726 1412 partes
757 1334 789 1389 et
816 1327 958 1390 rationes
988 1347 1097 1389 earum
1125 1323 1332 1389 mediocriter
1361 1325 1458 1390 habet
1485 1338 1580 1391 notas

434 1452 488 1493 eas
512 1449 593 1515 quac
615 1428 818 1492 necessariae
847 1435 921 1491 sunt
948 1426 990 1489 ad
1019 1424 1284 1509 architecturam,
1312 1428 1361 1491 uti
1384 1428 1412 1490 si
1435 1428 1515 1513 quid
1538 1429 1580 1493 de

433 1530 484 1596 his
507 1530 604 1595 rebus
628 1539 660 1594 ct
681 1528 807 1593 artibus
836 1528 980 1592 iudicare
1008 1536 1040 1591 et
1067 1527 1205 1614 probare
1233 1551 1314 1614 opus
1337 1528 1500 1593 fueritne
1522 1530 1576 1594 de·
1609 1570 1617 1579 ·

434 1632 571 1696 liciatur.
616 1631 734 1717 quibus
756 1653 834 1725 vcro
856 1639 972 1707 natura
993 1638 1120 1694 tanturn
1139 1630 1255 1695 tribuit
1276 1628 1440 1695 sollertiae
1457 1635 1578 1696 acumi-

384 1745 415 1796 10
433 1734 484 1799 nis
512 1733 687 1797 memoriae
719 1740 755 1797 ut
788 1734 915 1820 possint
945 1733 1158 1817 geometriam
1191 1732 1400 1817 astrologiam
1432 1735 1579 1798 musicen

433 1845 622 1920 ceterasque
638 1832 828 1922 disciplinas
845 1835 975 1922 penitus
991 1833 1110 1899 habere
1125 1843 1229 1918 notas,
1246 1844 1454 1922 praetereunt
1470 1835 1581 1900 officia

433 1936 683 2001 architectorum
721 1945 752 2000 et
789 1937 974 2001 efficiuntur
1010 1935 1240 1999 mathematici.
1290 1937 1401 2022 itaque
1437 1934 1580 2001 faciliter

434 2047 621 2103 contraeas
645 2037 836 2125 disciplinas
860 2038 1029 2123 disputare
1051 2046 1199 2123 possunt,
1224 2037 1310 2122 quod
1332 2036 1481 2122 pluribus
1504 2037 1579 2103 telis

434 2139 681 2225 disciplinarum
709 2149 784 2204 sunt
812 2140 940 2203 armati.
983 2138 1018 2202 hi
1046 2147 1155 2203 autem
1182 2139 1394 2203 inveniuntur
1421 2161 1511 2221 raro,
1543 2150 1580 2204 ut

384 2251 414 2299 15
432 2240 607 2327 aliquando
630 2240 762 2305 fuerunt
782 2240 991 2305 Aristarchus
1015 2239 1154 2324 Samius,
1177 2238 1343 2306 Philolaus
1367 2250 1398 2306 et
1413 2241 1579 2328 Archytas

433 2342 621 2425 Tarentini,
659 2333 853 2429 Apollonius
887 2344 1067 2428 Pergamia,
1110 2341 1343 2407 Eratosthenes
1378 2342 1577 2428 Cyrenaeus,

433 2442 648 2510 Archimedes
672 2454 704 2509 ct
727 2444 884 2531 Scopinas
905 2445 948 2508 ab
971 2444 1158 2530 Syracusis,
1188 2446 1244 2530 qui
1266 2443 1383 2508 multas
1411 2466 1463 2508 res
1486 2466 1578 2528 orga-

433 2548 524 2610 nicas
555 2555 587 2609 et
615 2548 825 2631 gnomonicas
854 2566 986 2610 numero
1020 2544 1288 2633 naturalibusque
1320 2544 1502 2610 rationibus
1529 2546 1577 2608 in-

434 2657 549 2713 ventas
572 2655 669 2734 atque
692 2646 871 2734 explicatas
894 2647 1034 2733 posteris
1056 2645 1267 2734 reliquerunt.

382 2757 416 2807 20
519 2748 602 2814 Cum
624 2770 701 2833 ergo
724 2748 802 2813 talia
824 2749 954 2834 ingenia
975 2747 1017 2812 ab
1039 2746 1180 2813 naturali
1203 2748 1347 2815 sollertia
1368 2771 1433 2813 non
1454 2749 1576 2835 passim
1600 2757 1630 2806 1‘1

433 2853 559 2917 cunctis
581 2850 734 2937 gentibus
757 2850 815 2917 sed
837 2852 950 2940 paucis
965 2852 1047 2915 viris
1069 2850 1189 2916 habere
1205 2850 1410 2935 concedatur,
1433 2848 1577 2915 officium

432 2976 510 3018 vero
524 2954 696 3019 architecti
711 2953 860 3019 omnibus
877 2952 1115 3020 eruditionibus
1132 2953 1249 3016 debeat
1265 2975 1336 3019 esse
1352 2954 1578 3033 exercitatum,

432 3067 464 3122 et
485 3057 569 3122 ratio
591 3066 724 3143 propter
745 3056 993 3143 amplitudinem
1016 3057 1064 3119 rei
1084 3056 1251 3142 permittat
1270 3077 1335 3120 non
1356 3056 1450 3120 iuxta
1467 3077 1577 3119 neces-

432 3160 562 3225 sitatem
591 3180 732 3224 summas
766 3158 824 3222 sed
854 3160 951 3223 etiam
979 3156 1159 3222 mediocres
1188 3157 1340 3223 scientias
1369 3156 1488 3221 habere
1511 3156 1576 3221 dis-

433 3369 437 3374 .
447 3366 660 3375 —————-

501 3503 570 3550 :tac
587 3499 659 3550 lca:
679 3502 727 3549 aut
746 3499 806 3551 GH.
852 3497 1006 3565 elegatione
1024 3506 1083 3550 autc
1100 3515 1168 3551 corr.
1187 3503 1203 3550 Ι.
1227 3496 1238 3563 ΙΙ
1266 3502 1331 3550 'tut
1348 3500 1373 3550 si
1390 3501 1422 3553 L.
1448 3495 1459 3565 ΙΙ
1489 3500 1577 3550 9sol-

434 3583 531 3633 lestrae
555 3590 615 3632 aare
633 3598 702 3635 corr.
722 3582 752 3633 (ι’.
774 3578 787 3648 ΙΙ
816 3586 847 3635 10
865 3584 1043 3649 geometriam
1067 3583 1119 3634 GH
1136 3583 1225 3649 (LPp,
1249 3585 1445 3650 geometricam
1463 3582 1540 3647 brea).
1564 3582 1577 3650 ll

434 3670 464 3717 ll
483 3667 594 3732 penitus
612 3668 642 3731 G,
661 3668 790 3732 poenitus
810 3667 838 3717 H
849 3666 926 3732 (LPI,
945 3670 1055 3735 penitus
1066 3685 1093 3733 p,
1111 3667 1221 3733 penitus
1233 3667 1299 3733 bah).
1316 3665 1328 3733 ll
1345 3671 1376 3718 12
1390 3667 1502 3718 facilius
1514 3670 1548 3721 L.
1565 3667 1577 3732 11

435 3772 467 3819 13
484 3754 611 3836 diputare
635 3785 657 3822 c.
680 3766 693 3835 ΙΙ
721 3771 752 3819 15
776 3770 925 3819 aristarcus
945 3770 978 3830 G,
1003 3769 1172 3821 aristarchus
1195 3770 1225 3819 H
1246 3765 1378 3835 (LPprcu,
1407 3770 1578 3819 aristharcus

433 3852 468 3918 b).
484 3848 497 3919 Ι]
513 3852 656 3919 phylolaus
677 3854 728 3903 GH
740 3850 800 3918 (Pp,
818 3852 955 3919 philolaus
968 3853 1054 3919 crea).
1070 3850 1082 3919 ΙΙ
1099 3854 1221 3905 architas
1236 3854 1265 3912 G,
1285 3854 1415 3919 archytas
1431 3854 1458 3902 H
1477 3853 1579 3918 (archi-

433 3978 479 4022 tas
501 3969 645 4036 LPpucu).
668 3967 680 4035 ΙΙ
704 3973 735 4019 16
753 3986 868 4037 pergens
892 3973 949 4022 GH.
968 3968 980 4039 ΙΙ
995 3970 1095 4036 craltos
1118 3973 1215 4025 thenas
1232 3973 1262 4023 H
1279 3928 1480 4052 (eratosutbnes
1504 3973 1550 4035 L).
1565 3972 1578 4034 l!

434 4087 568 4137 cyreneus
587 4073 645 4123 GH.
669 4068 681 4136 ΙΙ
705 4074 737 4121 rt
755 4072 936 4137 saepissume
954 4073 1027 4139 (ips.)
1046 4090 1115 4128 corr.
1130 4075 1159 4125 θ.
1174 4074 1303 4138 scopinae
1320 4075 1350 4124 H
1359 4072 1548 4139 (comptem).
1563 4071 1575 4138 Γ
1613 4142 1615 4147 λ

434 4162 558 4239 syrticus
577 4173 606 4222 G.
624 4168 636 4233 ΙΙ
653 4173 688 4221 ab
708 4173 759 4222 GH
777 4172 822 4238 (L,
841 4172 876 4236 ab
902 4176 984 4238 Gch,
1005 4192 1022 4226 a
1041 4175 1156 4241 Ppcreu).
1169 4172 1181 4241 ΙΙ
1193 4175 1338 4240 organicas
1358 4176 1538 4240 gnomonicas
1558 4178 1580 4226 G

434 4266 460 4307 et
468 4265 527 4307 ante
537 4273 605 4308 corr.
614 4258 644 4306 H
654 4255 1058 4325 (L),organicas1gnomrn1caa
1068 4261 1109 4310 Ηο
1118 4259 1172 4322 (sic,
1185 4274 1261 4309 erasa
1270 4262 1358 4309 littera
1366 4275 1446 4324 supra
1457 4260 1503 4323 mi,
1515 4277 1579 4325 quac

432 4342 503 4403 sorte
519 4342 600 4403 suerit
617 4358 647 4406 o,
670 4349 696 4391 et
712 4351 876 4407 cumpuncta
895 4351 953 4395 cate
972 4359 1061 4408 gnom.
1081 4345 1150 4410 quod
1166 4345 1278 4409 uirgatae
1301 4345 1381 4394 simile
1398 4346 1490 4401 evasit,
1513 4347 1580 4394 rande

434 4445 583 4508 organicas
602 4459 786 4509 ignomimcas
804 4445 915 4511 Ppocca
934 4434 1074 4510 organicis
1091 4444 1275 4509 ignominiosa
1293 4461 1314 4501 r.
1340 4446 1484 4509 crgonicas
1502 4446 1580 4509 igno-

435 4526 551 4577 miniosa
570 4531 590 4587 1,
614 4530 663 4579 sed
683 4535 754 4578 recte
773 4530 919 4595 organicas
938 4529 1117 4595 gnomonicas
1139 4530 1164 4579 L
1181 4529 1247 4579 sicut
1269 4537 1328 4579 ante
1352 4545 1421 4581 corr.
1439 4530 1468 4578 H
1492 4531 1536 4594 qui
1552 4546 1581 4579 se

435 4627 515 4688 ipsam
527 4630 659 4691 compens
675 4632 813 4695 scripsisse
829 4633 929 4681 uidetur
947 4619 1140 4696 gnomimoas).
1159 4633 1257 4679 stante
1270 4625 1314 4695 gn.
1329 4632 1390 4698 add.
1404 4633 1453 4684 ed.»
1467 4628 1551 4694 (rec).
1568 4628 1579 4696 l}

436 4710 470 4760 20
488 4709 523 4760 ab
543 4711 593 4760 GH
611 4712 656 4775 (L,
674 4714 710 4774 al>
730 4713 817 4774 Gch,
838 4730 855 4764 a
872 4714 970 4781 Ppbclt,
988 4730 1035 4764 om.
1055 4716 1072 4764 1.
1094 4708 1107 4778 ΙΙ
1128 4714 1162 4766 24
1178 4712 1323 4765 mediocris
1341 4716 1378 4765 H.
1477 4713 1480 4718 '
