<?xml version="1.0" encoding="UTF-8"?>
<!DOCTYPE html PUBLIC "-//W3C//DTD XHTML 1.0 Transitional//EN"
    "http://www.w3.org/TR/xhtml1/DTD/xhtml1-transitional.dtd">
<html xmlns="http://www.w3.org/1999/xhtml" xml:lang="en" lang="en">
 <head>
  <title>
</title>
<meta http-equiv="Content-Type" content="text/html;charset=utf-8" />
  <meta name='ocr-system' content='tesseract 3.04.00' />
  <meta name='ocr-capabilities' content='ocr_page ocr_carea ocr_par ocr_line ocrx_word'/>
</head>
<body>
  <div class='ocr_page' id='page_1' title='image "./vitruviidearchi00strgoog_0050.png"; bbox 0 0 3984 5825; ppageno 0'>
   <div class='ocr_carea' id='block_1_1' title="bbox 650 653 1468 722">
    <p class='ocr_par' dir='ltr' id='par_1_1' title="bbox 650 653 1468 722">
     <span class='ocr_line' id='line_1_1' title="bbox 650 653 1468 722; baseline 0.006 -5"><span class='ocrx_word' id='word_1_1' title='bbox 650 662 697 718; x_wconf 82' lang='lat' dir='ltr'><strong>nn</strong></span> <span class='ocrx_word' id='word_1_2' title='bbox 721 665 987 719; x_wconf 75' lang='lat' dir='ltr'><strong>lncnrrncrunu</strong></span> <span class='ocrx_word' id='word_1_3' title='bbox 1011 668 1140 719; x_wconf 78' lang='lat' dir='ltr'><strong>ntn.11.</strong></span> <span class='ocrx_word' id='word_1_4' title='bbox 1427 653 1468 722; x_wconf 79' lang='lat'><strong>31</strong></span> 
     </span>
    </p>
   </div>
   <div class='ocr_carea' id='block_1_2' title="bbox 325 823 1508 1316">
    <p class='ocr_par' dir='ltr' id='par_1_2' title="bbox 325 823 1508 1316">
     <span class='ocr_line' id='line_1_2' title="bbox 326 823 1471 912; baseline 0 -24"><span class='ocrx_word' id='word_1_5' title='bbox 326 824 524 889; x_wconf 90' lang='lat' dir='ltr'><strong>insecundo</strong></span> <span class='ocrx_word' id='word_1_6' title='bbox 548 824 656 888; x_wconf 88' lang='lat' dir='ltr'><strong>visum</strong></span> <span class='ocrx_word' id='word_1_7' title='bbox 679 834 728 889; x_wconf 91' lang='lat' dir='ltr'><strong>cst</strong></span> <span class='ocrx_word' id='word_1_8' title='bbox 749 823 830 888; x_wconf 91' lang='lat' dir='ltr'><strong>mihi</strong></span> <span class='ocrx_word' id='word_1_9' title='bbox 858 825 1000 911; x_wconf 90' lang='lat' dir='ltr'><strong>primum</strong></span> <span class='ocrx_word' id='word_1_10' title='bbox 1023 824 1063 890; x_wconf 92' lang='lat' dir='ltr'><strong>de</strong></span> <span class='ocrx_word' id='word_1_11' title='bbox 1085 827 1240 889; x_wconf 87' lang='lat' dir='ltr'><strong>materiae</strong></span> <span class='ocrx_word' id='word_1_12' title='bbox 1262 826 1365 911; x_wconf 86' lang='lat' dir='ltr'><strong>copiis</strong></span> <span class='ocrx_word' id='word_1_13' title='bbox 1388 848 1471 912; x_wconf 89' lang='lat' dir='ltr'><strong>quae</strong></span> 
     </span>
     <span class='ocr_line' id='line_1_3' title="bbox 326 924 1471 1012; baseline 0 -23"><span class='ocrx_word' id='word_1_14' title='bbox 326 928 361 989; x_wconf 93' lang='lat' dir='ltr'><strong>in</strong></span> <span class='ocrx_word' id='word_1_15' title='bbox 382 924 542 989; x_wconf 87' lang='lat' dir='ltr'><strong>aedificiis</strong></span> <span class='ocrx_word' id='word_1_16' title='bbox 571 934 647 989; x_wconf 88' lang='lat' dir='ltr'><strong>sunt</strong></span> <span class='ocrx_word' id='word_1_17' title='bbox 674 925 855 1011; x_wconf 87' lang='lat' dir='ltr'><strong>parandae,</strong></span> <span class='ocrx_word' id='word_1_18' title='bbox 885 925 1004 1012; x_wconf 87' lang='lat' dir='ltr'><strong>quibus</strong></span> <span class='ocrx_word' id='word_1_19' title='bbox 1033 927 1099 990; x_wconf 92' lang='lat' dir='ltr'><strong>sint</strong></span> <span class='ocrx_word' id='word_1_20' title='bbox 1120 926 1297 991; x_wconf 91' lang='lat' dir='ltr'><strong>virtutibus</strong></span> <span class='ocrx_word' id='word_1_21' title='bbox 1320 936 1353 990; x_wconf 90' lang='lat' dir='ltr'><strong>et</strong></span> <span class='ocrx_word' id='word_1_22' title='bbox 1375 949 1471 1012; x_wconf 92' lang='lat' dir='ltr'><strong>quem</strong></span> 
     </span>
     <span class='ocr_line' id='line_1_4' title="bbox 325 1027 1472 1113; baseline 0.001 -23"><span class='ocrx_word' id='word_1_23' title='bbox 325 1027 469 1091; x_wconf 90' lang='lat' dir='ltr'><strong>habeant</strong></span> <span class='ocrx_word' id='word_1_24' title='bbox 494 1049 589 1091; x_wconf 90' lang='lat' dir='ltr'><strong>usum</strong></span> <span class='ocrx_word' id='word_1_25' title='bbox 617 1048 794 1113; x_wconf 81' lang='lat' dir='ltr'>exponere,</span> <span class='ocrx_word' id='word_1_26' title='bbox 824 1027 943 1090; x_wconf 91' lang='lat' dir='ltr'><strong>deinde</strong></span> <span class='ocrx_word' id='word_1_27' title='bbox 971 1049 1173 1092; x_wconf 82' lang='lat' dir='ltr'><strong>commensus</strong></span> <span class='ocrx_word' id='word_1_28' title='bbox 1194 1027 1417 1093; x_wconf 91' lang='lat' dir='ltr'><strong>aedificiorum</strong></span> <span class='ocrx_word' id='word_1_29' title='bbox 1440 1036 1472 1091; x_wconf 87' lang='lat' dir='ltr'><strong>et</strong></span> 
     </span>
     <span class='ocr_line' id='line_1_5' title="bbox 327 1114 1508 1216; baseline -0.001 -22"><span class='ocrx_word' id='word_1_30' title='bbox 327 1129 460 1194; x_wconf 83' lang='lat' dir='ltr'><strong>ordines</strong></span> <span class='ocrx_word' id='word_1_31' title='bbox 484 1137 516 1193; x_wconf 89' lang='lat' dir='ltr'><strong>et</strong></span> <span class='ocrx_word' id='word_1_32' title='bbox 537 1149 658 1213; x_wconf 84' lang='lat' dir='ltr'><strong>genera</strong></span> <span class='ocrx_word' id='word_1_33' title='bbox 681 1127 810 1213; x_wconf 89' lang='lat' dir='ltr'><strong>singula</strong></span> <span class='ocrx_word' id='word_1_34' title='bbox 832 1130 1095 1214; x_wconf 78' lang='lat' dir='ltr'><strong>symmetriarum</strong></span> <span class='ocrx_word' id='word_1_35' title='bbox 1118 1150 1272 1216; x_wconf 86' lang='lat' dir='ltr'><strong>peragere</strong></span> <span class='ocrx_word' id='word_1_36' title='bbox 1296 1131 1384 1193; x_wconf 87' lang='lat' dir='ltr'><strong>etin</strong></span> <span class='ocrx_word' id='word_1_37' title='bbox 1406 1132 1471 1193; x_wconf 91' lang='lat' dir='ltr'><strong>sin·</strong></span> <span class='ocrx_word' id='word_1_38' title='bbox 1506 1114 1508 1125; x_wconf 50' lang='lat'><strong>¹</strong></span> 
     </span>
     <span class='ocr_line' id='line_1_6' title="bbox 326 1228 1506 1316; baseline 0 -23"><span class='ocrx_word' id='word_1_39' title='bbox 326 1229 415 1314; x_wconf 89' lang='lat' dir='ltr'><strong>gulis</strong></span> <span class='ocrx_word' id='word_1_40' title='bbox 440 1228 660 1293; x_wconf 89' lang='lat' dir='ltr'><strong>voluminibus</strong></span> <span class='ocrx_word' id='word_1_41' title='bbox 683 1228 858 1316; x_wconf 85' lang='lat' dir='ltr'><strong>explicare.</strong></span> <span class='ocrx_word' id='word_1_42' title='bbox 1490 1246 1506 1293; x_wconf 78' lang='lat' dir='ltr'><strong>o</strong></span> 
     </span>
    </p>
   </div>
   <div class='ocr_carea' id='block_1_3' title="bbox 583 1605 1259 1702">
    <p class='ocr_par' dir='ltr' id='par_1_3' title="bbox 583 1605 1259 1702">
     <span class='ocr_line' id='line_1_7' title="bbox 583 1605 1259 1702; baseline 0.009 -24"><span class='ocrx_word' id='word_1_43' title='bbox 583 1605 796 1680; x_wconf 88' lang='lat' dir='ltr'><strong>LIBER</strong></span> <span class='ocrx_word' id='word_1_44' title='bbox 840 1605 1259 1702; x_wconf 76' lang='lat' dir='ltr'><strong>snuUNDUS.</strong></span> 
     </span>
    </p>
   </div>
   <div class='ocr_carea' id='block_1_4' title="bbox 294 1823 1530 3739">
    <p class='ocr_par' dir='ltr' id='par_1_4' title="bbox 294 1823 1527 3138">
     <span class='ocr_line' id='line_1_8' title="bbox 294 1823 1473 1909; baseline 0.001 -22"><span class='ocrx_word' id='word_1_45' title='bbox 294 1851 309 1897; x_wconf 92' lang='lat'>1</span> <span class='ocrx_word' id='word_1_46' title='bbox 414 1823 611 1889; x_wconf 84' lang='lat' dir='ltr'><strong>Dinocrates</strong></span> <span class='ocrx_word' id='word_1_47' title='bbox 638 1824 835 1889; x_wconf 81' lang='lat' dir='ltr'><strong>architectus</strong></span> <span class='ocrx_word' id='word_1_48' title='bbox 865 1824 1117 1909; x_wconf 87' lang='lat' dir='ltr'><strong>cogitationibus</strong></span> <span class='ocrx_word' id='word_1_49' title='bbox 1141 1835 1173 1889; x_wconf 92' lang='lat' dir='ltr'><strong>et</strong></span> <span class='ocrx_word' id='word_1_50' title='bbox 1195 1824 1338 1889; x_wconf 89' lang='lat' dir='ltr'><strong>sollertia</strong></span> <span class='ocrx_word' id='word_1_51' title='bbox 1359 1823 1473 1907; x_wconf 84' lang='lat' dir='ltr'><strong>fretus,</strong></span> 
     </span>
     <span class='ocr_line' id='line_1_9' title="bbox 324 1923 1476 2015; baseline 0.002 -27"><span class='ocrx_word' id='word_1_52' title='bbox 324 1947 404 2012; x_wconf 29' lang='lat' dir='ltr'><strong>&#39;cum</strong></span> <span class='ocrx_word' id='word_1_53' title='bbox 426 1923 618 1990; x_wconf 83' lang='lat' dir='ltr'><strong>Alexander</strong></span> <span class='ocrx_word' id='word_1_54' title='bbox 644 1948 753 1990; x_wconf 91' lang='lat' dir='ltr'><strong>rerum</strong></span> <span class='ocrx_word' id='word_1_55' title='bbox 779 1927 953 2012; x_wconf 89' lang='lat' dir='ltr'><strong>potiretur,</strong></span> <span class='ocrx_word' id='word_1_56' title='bbox 983 1926 1147 2015; x_wconf 89' lang='lat' dir='ltr'><strong>profectus</strong></span> <span class='ocrx_word' id='word_1_57' title='bbox 1171 1936 1220 1991; x_wconf 91' lang='lat' dir='ltr'><strong>cst</strong></span> <span class='ocrx_word' id='word_1_58' title='bbox 1243 1948 1260 1989; x_wconf 89' lang='lat' dir='ltr'><strong>e</strong></span> <span class='ocrx_word' id='word_1_59' title='bbox 1282 1925 1476 2001; x_wconf 87' lang='lat' dir='ltr'><strong>Macedonia</strong></span> 
     </span>
     <span class='ocr_line' id='line_1_10' title="bbox 328 2027 1477 2115; baseline -0.003 -22"><span class='ocrx_word' id='word_1_60' title='bbox 328 2027 371 2093; x_wconf 84' lang='lat' dir='ltr'><strong>ad</strong></span> <span class='ocrx_word' id='word_1_61' title='bbox 400 2028 582 2091; x_wconf 82' lang='lat' dir='ltr'><strong>exercitum</strong></span> <span class='ocrx_word' id='word_1_62' title='bbox 608 2029 720 2113; x_wconf 86' lang='lat' dir='ltr'><strong>regiae</strong></span> <span class='ocrx_word' id='word_1_63' title='bbox 747 2028 884 2115; x_wconf 88' lang='lat' dir='ltr'><strong>cupidus</strong></span> <span class='ocrx_word' id='word_1_64' title='bbox 918 2028 1219 2093; x_wconf 89' lang='lat' dir='ltr'><strong>commendationis.</strong></span> <span class='ocrx_word' id='word_1_65' title='bbox 1269 2029 1296 2091; x_wconf 91' lang='lat' dir='ltr'><strong>is</strong></span> <span class='ocrx_word' id='word_1_66' title='bbox 1326 2050 1344 2091; x_wconf 89' lang='lat' dir='ltr'><strong>c</strong></span> <span class='ocrx_word' id='word_1_67' title='bbox 1370 2029 1477 2114; x_wconf 89' lang='lat' dir='ltr'><strong>patria</strong></span> 
     </span>
     <span class='ocr_line' id='line_1_11' title="bbox 328 2129 1527 2220; baseline 0.004 -28"><span class='ocrx_word' id='word_1_68' title='bbox 328 2151 348 2192; x_wconf 88' lang='lat' dir='ltr'><strong>a</strong></span> <span class='ocrx_word' id='word_1_69' title='bbox 370 2130 564 2216; x_wconf 90' lang='lat' dir='ltr'><strong>propinquis</strong></span> <span class='ocrx_word' id='word_1_70' title='bbox 587 2138 619 2194; x_wconf 91' lang='lat' dir='ltr'><strong>et</strong></span> <span class='ocrx_word' id='word_1_71' title='bbox 640 2130 754 2193; x_wconf 88' lang='lat' dir='ltr'><strong>amicis</strong></span> <span class='ocrx_word' id='word_1_72' title='bbox 777 2129 852 2195; x_wconf 90' lang='lat' dir='ltr'><strong>tulit</strong></span> <span class='ocrx_word' id='word_1_73' title='bbox 873 2130 916 2193; x_wconf 88' lang='lat' dir='ltr'><strong>ad</strong></span> <span class='ocrx_word' id='word_1_74' title='bbox 938 2132 1061 2220; x_wconf 89' lang='lat' dir='ltr'><strong>primos</strong></span> <span class='ocrx_word' id='word_1_75' title='bbox 1083 2130 1212 2194; x_wconf 89' lang='lat' dir='ltr'><strong>ordines</strong></span> <span class='ocrx_word' id='word_1_76' title='bbox 1235 2139 1267 2194; x_wconf 89' lang='lat' dir='ltr'><strong>et</strong></span> <span class='ocrx_word' id='word_1_77' title='bbox 1281 2139 1476 2216; x_wconf 90' lang='lat' dir='ltr'><strong>purpuratos</strong></span> <span class='ocrx_word' id='word_1_78' title='bbox 1495 2151 1527 2200; x_wconf 90' lang='lat'><strong>10</strong></span> 
     </span>
     <span class='ocr_line' id='line_1_12' title="bbox 329 2229 1475 2318; baseline -0.001 -23"><span class='ocrx_word' id='word_1_79' title='bbox 329 2230 467 2314; x_wconf 86' lang='lat' dir='ltr'><strong>litteras,</strong></span> <span class='ocrx_word' id='word_1_80' title='bbox 490 2232 539 2295; x_wconf 91' lang='lat' dir='ltr'><strong>uti</strong></span> <span class='ocrx_word' id='word_1_81' title='bbox 559 2230 672 2295; x_wconf 89' lang='lat' dir='ltr'><strong>aditus&#39;</strong></span> <span class='ocrx_word' id='word_1_82' title='bbox 692 2230 828 2295; x_wconf 88' lang='lat' dir='ltr'><strong>haberet</strong></span> <span class='ocrx_word' id='word_1_83' title='bbox 849 2229 1023 2315; x_wconf 85' lang='lat' dir='ltr'><strong>faciliores,</strong></span> <span class='ocrx_word' id='word_1_84' title='bbox 1046 2231 1088 2296; x_wconf 90' lang='lat' dir='ltr'><strong>ab</strong></span> <span class='ocrx_word' id='word_1_85' title='bbox 1112 2233 1224 2318; x_wconf 89' lang='lat' dir='ltr'><strong>eisque</strong></span> <span class='ocrx_word' id='word_1_86' title='bbox 1246 2241 1401 2318; x_wconf 84' lang='lat' dir='ltr'><strong>exceptus</strong></span> <span class='ocrx_word' id='word_1_87' title='bbox 1417 2231 1475 2294; x_wconf 93' lang='lat' dir='ltr'><strong>hu·</strong></span> 
     </span>
     <span class='ocr_line' id='line_1_13' title="bbox 328 2332 1475 2421; baseline -0.001 -25"><span class='ocrx_word' id='word_1_88' title='bbox 328 2354 425 2396; x_wconf 86' lang='lat' dir='ltr'><strong>mane</strong></span> <span class='ocrx_word' id='word_1_89' title='bbox 452 2333 548 2418; x_wconf 91' lang='lat' dir='ltr'><strong>petiit</strong></span> <span class='ocrx_word' id='word_1_90' title='bbox 575 2333 624 2397; x_wconf 95' lang='lat' dir='ltr'><strong>uti</strong></span> <span class='ocrx_word' id='word_1_91' title='bbox 652 2333 889 2421; x_wconf 87' lang='lat' dir='ltr'><strong>quamprimum</strong></span> <span class='ocrx_word' id='word_1_92' title='bbox 915 2334 958 2397; x_wconf 92' lang='lat' dir='ltr'><strong>ad</strong></span> <span class='ocrx_word' id='word_1_93' title='bbox 980 2333 1206 2397; x_wconf 88' lang='lat' dir='ltr'><strong>Alexandrum</strong></span> <span class='ocrx_word' id='word_1_94' title='bbox 1234 2332 1475 2419; x_wconf 86' lang='lat' dir='ltr'><strong>perduceretur.</strong></span> 
     </span>
     <span class='ocr_line' id='line_1_14' title="bbox 329 2433 1476 2521; baseline 0 -24"><span class='ocrx_word' id='word_1_95' title='bbox 329 2456 403 2498; x_wconf 92' lang='lat' dir='ltr'><strong>cum</strong></span> <span class='ocrx_word' id='word_1_96' title='bbox 431 2433 572 2520; x_wconf 90' lang='lat' dir='ltr'><strong>polliciti</strong></span> <span class='ocrx_word' id='word_1_97' title='bbox 598 2444 722 2517; x_wconf 81' lang='lat' dir='ltr'><strong>essent,</strong></span> <span class='ocrx_word' id='word_1_98' title='bbox 751 2435 919 2499; x_wconf 83' lang='lat' dir='ltr'><strong>tardiores</strong></span> <span class='ocrx_word' id='word_1_99' title='bbox 939 2434 1071 2500; x_wconf 89' lang='lat' dir='ltr'><strong>fuerunt</strong></span> <span class='ocrx_word' id='word_1_100' title='bbox 1093 2434 1247 2500; x_wconf 92' lang='lat' dir='ltr'><strong>idoneum</strong></span> <span class='ocrx_word' id='word_1_101' title='bbox 1269 2446 1397 2521; x_wconf 88' lang='lat' dir='ltr'><strong>tempus</strong></span> <span class='ocrx_word' id='word_1_102' title='bbox 1420 2456 1476 2497; x_wconf 86' lang='lat' dir='ltr'><strong>ex-</strong></span> 
     </span>
     <span class='ocr_line' id='line_1_15' title="bbox 329 2535 1476 2622; baseline 0 -24"><span class='ocrx_word' id='word_1_103' title='bbox 329 2545 510 2622; x_wconf 89' lang='lat' dir='ltr'><strong>pectantes.</strong></span> <span class='ocrx_word' id='word_1_104' title='bbox 555 2535 665 2622; x_wconf 87' lang='lat' dir='ltr'><strong>itaque</strong></span> <span class='ocrx_word' id='word_1_105' title='bbox 697 2536 892 2601; x_wconf 88' lang='lat' dir='ltr'><strong>Dinocrates</strong></span> <span class='ocrx_word' id='word_1_106' title='bbox 919 2537 962 2600; x_wconf 89' lang='lat' dir='ltr'><strong>ab</strong></span> <span class='ocrx_word' id='word_1_107' title='bbox 989 2536 1041 2601; x_wconf 91' lang='lat' dir='ltr'><strong>his</strong></span> <span class='ocrx_word' id='word_1_108' title='bbox 1070 2559 1105 2601; x_wconf 90' lang='lat' dir='ltr'><strong>sc</strong></span> <span class='ocrx_word' id='word_1_109' title='bbox 1128 2537 1319 2601; x_wconf 84' lang='lat' dir='ltr'><strong>existimans</strong></span> <span class='ocrx_word' id='word_1_110' title='bbox 1342 2535 1411 2600; x_wconf 92' lang='lat' dir='ltr'><strong>ludi</strong></span> <span class='ocrx_word' id='word_1_111' title='bbox 1433 2536 1476 2599; x_wconf 90' lang='lat' dir='ltr'><strong>ab</strong></span> 
     </span>
     <span class='ocr_line' id='line_1_16' title="bbox 330 2637 1527 2726; baseline -0.002 -25"><span class='ocrx_word' id='word_1_112' title='bbox 330 2659 365 2701; x_wconf 90' lang='lat' dir='ltr'><strong>se</strong></span> <span class='ocrx_word' id='word_1_113' title='bbox 387 2638 484 2724; x_wconf 91' lang='lat' dir='ltr'><strong>petiit</strong></span> <span class='ocrx_word' id='word_1_114' title='bbox 505 2637 716 2723; x_wconf 88' lang='lat' dir='ltr'><strong>praesidium.</strong></span> <span class='ocrx_word' id='word_1_115' title='bbox 761 2638 868 2703; x_wconf 82' lang='lat' dir='ltr'><strong>fuerat</strong></span> <span class='ocrx_word' id='word_1_116' title='bbox 890 2640 977 2702; x_wconf 89' lang='lat' dir='ltr'><strong>enim</strong></span> <span class='ocrx_word' id='word_1_117' title='bbox 999 2639 1201 2726; x_wconf 89' lang='lat' dir='ltr'><strong>amplissima</strong></span> <span class='ocrx_word' id='word_1_118' title='bbox 1224 2648 1363 2720; x_wconf 86' lang='lat' dir='ltr'><strong>statura,</strong></span> <span class='ocrx_word' id='word_1_119' title='bbox 1393 2637 1527 2708; x_wconf 81' lang='lat' dir='ltr'><strong>faeie15</strong></span> 
     </span>
     <span class='ocr_line' id='line_1_17' title="bbox 329 2738 1476 2827; baseline 0 -26"><span class='ocrx_word' id='word_1_120' title='bbox 329 2749 435 2824; x_wconf 87' lang='lat' dir='ltr'><strong>grata,</strong></span> <span class='ocrx_word' id='word_1_121' title='bbox 458 2738 563 2803; x_wconf 88' lang='lat' dir='ltr'><strong>forma</strong></span> <span class='ocrx_word' id='word_1_122' title='bbox 584 2738 810 2827; x_wconf 86' lang='lat' dir='ltr'><strong>dignitateque</strong></span> <span class='ocrx_word' id='word_1_123' title='bbox 832 2762 967 2804; x_wconf 89' lang='lat' dir='ltr'><strong>summa.</strong></span> <span class='ocrx_word' id='word_1_124' title='bbox 1011 2740 1062 2804; x_wconf 92' lang='lat' dir='ltr'><strong>his</strong></span> <span class='ocrx_word' id='word_1_125' title='bbox 1085 2741 1187 2824; x_wconf 86' lang='lat' dir='ltr'><strong>igitur</strong></span> <span class='ocrx_word' id='word_1_126' title='bbox 1208 2750 1343 2804; x_wconf 89' lang='lat' dir='ltr'><strong>naturae</strong></span> <span class='ocrx_word' id='word_1_127' title='bbox 1365 2761 1476 2802; x_wconf 91' lang='lat' dir='ltr'><strong>mune-</strong></span> 
     </span>
     <span class='ocr_line' id='line_1_18' title="bbox 329 2840 1476 2929; baseline -0.002 -25"><span class='ocrx_word' id='word_1_128' title='bbox 329 2840 421 2904; x_wconf 90' lang='lat' dir='ltr'><strong>ribus</strong></span> <span class='ocrx_word' id='word_1_129' title='bbox 449 2840 591 2904; x_wconf 87' lang='lat' dir='ltr'><strong>confisus</strong></span> <span class='ocrx_word' id='word_1_130' title='bbox 618 2842 815 2906; x_wconf 84' lang='lat' dir='ltr'><strong>vestimenta</strong></span> <span class='ocrx_word' id='word_1_131' title='bbox 842 2842 952 2929; x_wconf 89' lang='lat' dir='ltr'><strong>posuit</strong></span> <span class='ocrx_word' id='word_1_132' title='bbox 980 2842 1015 2903; x_wconf 95' lang='lat' dir='ltr'><strong>in</strong></span> <span class='ocrx_word' id='word_1_133' title='bbox 1041 2841 1183 2927; x_wconf 89' lang='lat' dir='ltr'><strong>hospitio</strong></span> <span class='ocrx_word' id='word_1_134' title='bbox 1212 2852 1244 2903; x_wconf 92' lang='lat' dir='ltr'><strong>et</strong></span> <span class='ocrx_word' id='word_1_135' title='bbox 1266 2840 1337 2905; x_wconf 91' lang='lat' dir='ltr'><strong>oleo</strong></span> <span class='ocrx_word' id='word_1_136' title='bbox 1360 2862 1476 2928; x_wconf 89' lang='lat' dir='ltr'><strong>corpus</strong></span> 
     </span>
     <span class='ocr_line' id='line_1_19' title="bbox 330 2941 1477 3036; baseline -0.004 -28"><span class='ocrx_word' id='word_1_137' title='bbox 330 2945 488 3031; x_wconf 87' lang='lat' dir='ltr'><strong>perunxit</strong></span> <span class='ocrx_word' id='word_1_138' title='bbox 510 2954 671 3036; x_wconf 85' lang='lat' dir='ltr'><strong>caputque</strong></span> <span class='ocrx_word' id='word_1_139' title='bbox 692 2946 861 3008; x_wconf 88' lang='lat' dir='ltr'><strong>coronavit</strong></span> <span class='ocrx_word' id='word_1_140' title='bbox 882 2942 1021 3029; x_wconf 89' lang='lat' dir='ltr'><strong>populea</strong></span> <span class='ocrx_word' id='word_1_141' title='bbox 1036 2942 1162 3026; x_wconf 89' lang='lat' dir='ltr'><strong>fronde,</strong></span> <span class='ocrx_word' id='word_1_142' title='bbox 1185 2941 1316 3006; x_wconf 89' lang='lat' dir='ltr'><strong>laevum</strong></span> <span class='ocrx_word' id='word_1_143' title='bbox 1330 2964 1477 3006; x_wconf 87' lang='lat' dir='ltr'><strong>umerum</strong></span> 
     </span>
     <span class='ocr_line' id='line_1_20' title="bbox 331 3042 1478 3138; baseline -0.003 -30"><span class='ocrx_word' id='word_1_144' title='bbox 331 3045 418 3133; x_wconf 90' lang='lat' dir='ltr'><strong>pelle</strong></span> <span class='ocrx_word' id='word_1_145' title='bbox 440 3045 569 3111; x_wconf 90' lang='lat' dir='ltr'><strong>leonina</strong></span> <span class='ocrx_word' id='word_1_146' title='bbox 591 3046 690 3129; x_wconf 86' lang='lat' dir='ltr'><strong>texit,</strong></span> <span class='ocrx_word' id='word_1_147' title='bbox 720 3044 900 3132; x_wconf 89' lang='lat' dir='ltr'><strong>dextraque</strong></span> <span class='ocrx_word' id='word_1_148' title='bbox 923 3042 1049 3106; x_wconf 88' lang='lat' dir='ltr'><strong>clavam</strong></span> <span class='ocrx_word' id='word_1_149' title='bbox 1069 3053 1197 3138; x_wconf 80' lang='lat' dir='ltr'><strong>tenens</strong></span> <span class='ocrx_word' id='word_1_150' title='bbox 1208 3045 1343 3107; x_wconf 84' lang='lat' dir='ltr'><strong>incessit</strong></span> <span class='ocrx_word' id='word_1_151' title='bbox 1365 3052 1478 3107; x_wconf 90' lang='lat' dir='ltr'><strong>contra</strong></span> 
     </span>
    </p>

    <p class='ocr_par' dir='ltr' id='par_1_5' title="bbox 296 3143 1530 3739">
     <span class='ocr_line' id='line_1_21' title="bbox 296 3143 1528 3236; baseline -0.007 -22"><span class='ocrx_word' id='word_1_152' title='bbox 296 3167 313 3214; x_wconf 78' lang='lat'><strong>2</strong></span> <span class='ocrx_word' id='word_1_153' title='bbox 331 3145 478 3236; x_wconf 87' lang='lat' dir='ltr'><strong>tribunal</strong></span> <span class='ocrx_word' id='word_1_154' title='bbox 499 3148 587 3231; x_wconf 90' lang='lat' dir='ltr'><strong>regis</strong></span> <span class='ocrx_word' id='word_1_155' title='bbox 609 3147 661 3211; x_wconf 90' lang='lat' dir='ltr'><strong>ius</strong></span> <span class='ocrx_word' id='word_1_156' title='bbox 684 3145 834 3211; x_wconf 91' lang='lat' dir='ltr'><strong>dicentis.</strong></span> <span class='ocrx_word' id='word_1_157' title='bbox 877 3147 1007 3211; x_wconf 90' lang='lat' dir='ltr'><strong>novitas</strong></span> <span class='ocrx_word' id='word_1_158' title='bbox 1029 3143 1185 3234; x_wconf 90' lang='lat' dir='ltr'><strong>populum</strong></span> <span class='ocrx_word' id='word_1_159' title='bbox 1203 3168 1276 3209; x_wconf 89' lang='lat' dir='ltr'><strong>cum</strong></span> <span class='ocrx_word' id='word_1_160' title='bbox 1290 3145 1476 3225; x_wconf 88' lang='lat' dir='ltr'><strong>avertisset,</strong></span> <span class='ocrx_word' id='word_1_161' title='bbox 1495 3167 1528 3215; x_wconf 81' lang='lat'><strong>‘20</strong></span> 
     </span>
     <span class='ocr_line' id='line_1_22' title="bbox 333 3245 1478 3335; baseline -0.004 -23"><span class='ocrx_word' id='word_1_162' title='bbox 333 3248 505 3335; x_wconf 81' lang='lat' dir='ltr'><strong>conspexit</strong></span> <span class='ocrx_word' id='word_1_163' title='bbox 527 3270 600 3312; x_wconf 91' lang='lat' dir='ltr'><strong>eum</strong></span> <span class='ocrx_word' id='word_1_164' title='bbox 622 3246 822 3312; x_wconf 85' lang='lat' dir='ltr'><strong>Alexander.</strong></span> <span class='ocrx_word' id='word_1_165' title='bbox 865 3249 1030 3312; x_wconf 89' lang='lat' dir='ltr'><strong>admlrans</strong></span> <span class='ocrx_word' id='word_1_166' title='bbox 1054 3248 1084 3310; x_wconf 88' lang='lat' dir='ltr'><strong>ci</strong></span> <span class='ocrx_word' id='word_1_167' title='bbox 1105 3248 1203 3311; x_wconf 90' lang='lat' dir='ltr'><strong>iussit</strong></span> <span class='ocrx_word' id='word_1_168' title='bbox 1224 3246 1330 3313; x_wconf 81' lang='lat' dir='ltr'><strong>locum</strong></span> <span class='ocrx_word' id='word_1_169' title='bbox 1349 3245 1421 3309; x_wconf 89' lang='lat' dir='ltr'><strong>dari</strong></span> <span class='ocrx_word' id='word_1_170' title='bbox 1441 3254 1478 3308; x_wconf 91' lang='lat' dir='ltr'><strong>ut</strong></span> 
     </span>
     <span class='ocr_line' id='line_1_23' title="bbox 331 3348 1477 3436; baseline -0.003 -23"><span class='ocrx_word' id='word_1_171' title='bbox 331 3350 519 3432; x_wconf 87' lang='lat' dir='ltr'><strong>accederet,</strong></span> <span class='ocrx_word' id='word_1_172' title='bbox 550 3350 830 3436; x_wconf 86' lang='lat' dir='ltr'><strong>interrogavitque</strong></span> <span class='ocrx_word' id='word_1_173' title='bbox 858 3352 930 3436; x_wconf 90' lang='lat' dir='ltr'><strong>quis</strong></span> <span class='ocrx_word' id='word_1_174' title='bbox 959 3359 1056 3414; x_wconf 88' lang='lat' dir='ltr'><strong>esset.</strong></span> <span class='ocrx_word' id='word_1_175' title='bbox 1105 3358 1139 3413; x_wconf 91' lang='lat' dir='ltr'><strong>at</strong></span> <span class='ocrx_word' id='word_1_176' title='bbox 1166 3348 1236 3431; x_wconf 90' lang='lat' dir='ltr'><strong>ille,</strong></span> <span class='ocrx_word' id='word_1_177' title='bbox 1270 3348 1477 3429; x_wconf 85' lang='lat' dir='ltr'><strong>Dinocrates,</strong></span> 
     </span>
     <span class='ocr_line' id='line_1_24' title="bbox 331 3439 1478 3538; baseline -0.003 -23"><span class='ocrx_word' id='word_1_178' title='bbox 331 3439 451 3538; x_wconf 90' lang='lat' dir='ltr'><strong>inquit,</strong></span> <span class='ocrx_word' id='word_1_179' title='bbox 473 3450 669 3516; x_wconf 88' lang='lat' dir='ltr'><strong>architectus</strong></span> <span class='ocrx_word' id='word_1_180' title='bbox 692 3451 846 3534; x_wconf 88' lang='lat' dir='ltr'><strong>Macedo,</strong></span> <span class='ocrx_word' id='word_1_181' title='bbox 871 3453 926 3537; x_wconf 93' lang='lat' dir='ltr'><strong>qui</strong></span> <span class='ocrx_word' id='word_1_182' title='bbox 948 3452 990 3515; x_wconf 89' lang='lat' dir='ltr'><strong>ad</strong></span> <span class='ocrx_word' id='word_1_183' title='bbox 1012 3462 1045 3516; x_wconf 87' lang='lat' dir='ltr'><strong>te</strong></span> <span class='ocrx_word' id='word_1_184' title='bbox 1068 3452 1281 3535; x_wconf 88' lang='lat' dir='ltr'><strong>cogitationes</strong></span> <span class='ocrx_word' id='word_1_185' title='bbox 1305 3459 1337 3513; x_wconf 89' lang='lat' dir='ltr'><strong>et</strong></span> <span class='ocrx_word' id='word_1_186' title='bbox 1358 3450 1478 3514; x_wconf 88' lang='lat' dir='ltr'><strong>formas</strong></span> 
     </span>
     <span class='ocr_line' id='line_1_25' title="bbox 332 3551 1480 3638; baseline -0.004 -21"><span class='ocrx_word' id='word_1_187' title='bbox 332 3552 447 3618; x_wconf 85' lang='lat' dir='ltr'><strong>adfero</strong></span> <span class='ocrx_word' id='word_1_188' title='bbox 463 3552 579 3637; x_wconf 86' lang='lat' dir='ltr'><strong>dignas</strong></span> <span class='ocrx_word' id='word_1_189' title='bbox 594 3563 669 3617; x_wconf 88' lang='lat' dir='ltr'><strong>tuae</strong></span> <span class='ocrx_word' id='word_1_190' title='bbox 686 3551 855 3616; x_wconf 87' lang='lat' dir='ltr'><strong>claritatis.</strong></span> <span class='ocrx_word' id='word_1_191' title='bbox 900 3574 1040 3638; x_wconf 90' lang='lat' dir='ltr'><strong>namque</strong></span> <span class='ocrx_word' id='word_1_192' title='bbox 1054 3552 1167 3617; x_wconf 91' lang='lat' dir='ltr'><strong>Athon</strong></span> <span class='ocrx_word' id='word_1_193' title='bbox 1181 3562 1324 3617; x_wconf 89' lang='lat' dir='ltr'><strong>montem</strong></span> <span class='ocrx_word' id='word_1_194' title='bbox 1339 3551 1480 3615; x_wconf 90' lang='lat' dir='ltr'><strong>formavi</strong></span> 
     </span>
     <span class='ocr_line' id='line_1_26' title="bbox 333 3653 1530 3739; baseline -0.001 -21"><span class='ocrx_word' id='word_1_195' title='bbox 333 3656 367 3718; x_wconf 93' lang='lat' dir='ltr'><strong>in</strong></span> <span class='ocrx_word' id='word_1_196' title='bbox 390 3664 518 3719; x_wconf 88' lang='lat' dir='ltr'><strong>statuae</strong></span> <span class='ocrx_word' id='word_1_197' title='bbox 541 3653 645 3717; x_wconf 85' lang='lat' dir='ltr'><strong>virilis</strong></span> <span class='ocrx_word' id='word_1_198' title='bbox 668 3653 823 3738; x_wconf 85' lang='lat' dir='ltr'><strong>figuram,</strong></span> <span class='ocrx_word' id='word_1_199' title='bbox 852 3655 943 3717; x_wconf 90' lang='lat' dir='ltr'><strong>cuius</strong></span> <span class='ocrx_word' id='word_1_200' title='bbox 965 3676 1065 3717; x_wconf 89' lang='lat' dir='ltr'><strong>manu</strong></span> <span class='ocrx_word' id='word_1_201' title='bbox 1086 3653 1180 3717; x_wconf 89' lang='lat' dir='ltr'><strong>laeva</strong></span> <span class='ocrx_word' id='word_1_202' title='bbox 1202 3654 1375 3739; x_wconf 88' lang='lat' dir='ltr'><strong>designavi</strong></span> <span class='ocrx_word' id='word_1_203' title='bbox 1398 3653 1478 3715; x_wconf 91' lang='lat' dir='ltr'><strong>civi·</strong></span> <span class='ocrx_word' id='word_1_204' title='bbox 1496 3668 1530 3717; x_wconf 80' lang='lat'><strong>25</strong></span> 
     </span>
    </p>
   </div>
   <div class='ocr_carea' id='block_1_5' title="bbox 334 3958 1480 4789">
    <p class='ocr_par' dir='ltr' id='par_1_6' title="bbox 334 3958 1480 4789">
     <span class='ocr_line' id='line_1_27' title="bbox 402 3958 1480 4030; baseline -0.005 -15"><span class='ocrx_word' id='word_1_205' title='bbox 402 3967 418 4015; x_wconf 85' lang='grc'>3</span> <span class='ocrx_word' id='word_1_206' title='bbox 437 3963 541 4014; x_wconf 82' lang='lat' dir='ltr'><strong>habent</strong></span> <span class='ocrx_word' id='word_1_207' title='bbox 557 3971 617 4015; x_wconf 72' lang='lat' dir='ltr'><strong>arde</strong></span> <span class='ocrx_word' id='word_1_208' title='bbox 640 3981 708 4017; x_wconf 80' lang='lat' dir='ltr'><strong>corr.</strong></span> <span class='ocrx_word' id='word_1_209' title='bbox 727 3963 764 4013; x_wconf 89' lang='lat' dir='ltr'><strong>H.</strong></span> <span class='ocrx_word' id='word_1_210' title='bbox 787 3959 799 4029; x_wconf 83' lang='grc'><strong>11</strong></span> <span class='ocrx_word' id='word_1_211' title='bbox 823 3963 922 4014; x_wconf 87' lang='lat' dir='ltr'><strong>deinde</strong></span> <span class='ocrx_word' id='word_1_212' title='bbox 945 3964 1006 4014; x_wconf 82' lang='lat' dir='ltr'><strong>add.</strong></span> <span class='ocrx_word' id='word_1_213' title='bbox 1031 3963 1101 4017; x_wconf 85' lang='lat' dir='ltr'><strong>Mur.</strong></span> <span class='ocrx_word' id='word_1_214' title='bbox 1121 3960 1269 4030; x_wconf 82' lang='lat' dir='ltr'><strong>(exponere</strong></span> <span class='ocrx_word' id='word_1_215' title='bbox 1289 3959 1414 4027; x_wconf 88' lang='lat' dir='ltr'><strong>con[c0m</strong></span> <span class='ocrx_word' id='word_1_216' title='bbox 1436 3958 1480 4025; x_wconf 77' lang='lat' dir='ltr'><strong>G]-</strong></span> 
     </span>
     <span class='ocr_line' id='line_1_28' title="bbox 334 4045 1479 4115; baseline -0.006 -16"><span class='ocrx_word' id='word_1_217' title='bbox 334 4063 450 4099; x_wconf 84' lang='lat' dir='ltr'><strong>mensus</strong></span> <span class='ocrx_word' id='word_1_218' title='bbox 471 4048 541 4112; x_wconf 82' lang='lat' dir='ltr'><strong>GH).</strong></span> <span class='ocrx_word' id='word_1_219' title='bbox 564 4045 576 4115; x_wconf 81' lang='grc' dir='ltr'><strong>ΙΙ</strong></span> <span class='ocrx_word' id='word_1_220' title='bbox 599 4049 712 4099; x_wconf 85' lang='lat' dir='ltr'><strong>5Liber</strong></span> <span class='ocrx_word' id='word_1_221' title='bbox 729 4049 833 4114; x_wconf 88' lang='lat' dir='ltr'><strong>primus</strong></span> <span class='ocrx_word' id='word_1_222' title='bbox 852 4048 967 4115; x_wconf 80' lang='lat' dir='ltr'><strong>explicit</strong></span> <span class='ocrx_word' id='word_1_223' title='bbox 984 4048 1029 4110; x_wconf 77' lang='lat' dir='ltr'><strong>(do</strong></span> <span class='ocrx_word' id='word_1_224' title='bbox 1048 4049 1164 4113; x_wconf 83' lang='lat' dir='ltr'><strong>gratias.</strong></span> <span class='ocrx_word' id='word_1_225' title='bbox 1185 4064 1274 4099; x_wconf 83' lang='lat' dir='ltr'><strong>amen.</strong></span> <span class='ocrx_word' id='word_1_226' title='bbox 1292 4046 1413 4110; x_wconf 67' lang='lat' dir='ltr'><strong>adali).</strong></span> <span class='ocrx_word' id='word_1_227' title='bbox 1436 4045 1479 4093; x_wconf 93' lang='lat' dir='ltr'><strong>In-</strong></span> 
     </span>
     <span class='ocr_line' id='line_1_29' title="bbox 335 4128 1479 4199; baseline -0.005 -16"><span class='ocrx_word' id='word_1_228' title='bbox 335 4134 403 4199; x_wconf 87' lang='lat' dir='ltr'><strong>cipit</strong></span> <span class='ocrx_word' id='word_1_229' title='bbox 426 4133 510 4197; x_wconf 87' lang='lat' dir='ltr'><strong>(liber</strong></span> <span class='ocrx_word' id='word_1_230' title='bbox 531 4136 592 4186; x_wconf 80' lang='lat' dir='ltr'><strong>odd.</strong></span> <span class='ocrx_word' id='word_1_231' title='bbox 616 4133 656 4197; x_wconf 90' lang='lat' dir='ltr'><strong>H)</strong></span> <span class='ocrx_word' id='word_1_232' title='bbox 681 4132 819 4183; x_wconf 86' lang='lat' dir='ltr'><strong>secundus</strong></span> <span class='ocrx_word' id='word_1_233' title='bbox 846 4129 903 4197; x_wconf 86' lang='lat'><strong>(.11.</strong></span> <span class='ocrx_word' id='word_1_234' title='bbox 929 4132 960 4198; x_wconf 83' lang='lat' dir='ltr'><strong>G)</strong></span> <span class='ocrx_word' id='word_1_235' title='bbox 986 4128 1039 4183; x_wconf 86' lang='lat' dir='ltr'><strong>GH</strong></span> <span class='ocrx_word' id='word_1_236' title='bbox 1059 4132 1139 4197; x_wconf 90' lang='lat' dir='ltr'><strong>(Llc).</strong></span> <span class='ocrx_word' id='word_1_237' title='bbox 1169 4129 1180 4199; x_wconf 77' lang='grc'><strong>11</strong></span> <span class='ocrx_word' id='word_1_238' title='bbox 1214 4130 1428 4183; x_wconf 79' lang='lat' dir='ltr'><strong>semacedonia</strong></span> <span class='ocrx_word' id='word_1_239' title='bbox 1450 4129 1479 4177; x_wconf 88' lang='lat' dir='ltr'><em>H</em></span> 
     </span>
     <span class='ocr_line' id='line_1_30' title="bbox 337 4211 1479 4283; baseline -0.005 -16"><span class='ocrx_word' id='word_1_240' title='bbox 337 4215 398 4283; x_wconf 85' lang='lat' dir='ltr'><em>(L):</em></span> <span class='ocrx_word' id='word_1_241' title='bbox 418 4217 601 4268; x_wconf 82' lang='lat' dir='ltr'><strong>amucedonia</strong></span> <span class='ocrx_word' id='word_1_242' title='bbox 618 4216 739 4281; x_wconf 68' lang='grc'>126110).</span> <span class='ocrx_word' id='word_1_243' title='bbox 764 4213 776 4283; x_wconf 79' lang='grc' dir='ltr'><strong>ΙΙ</strong></span> <span class='ocrx_word' id='word_1_244' title='bbox 803 4217 1092 4268; x_wconf 82' lang='lat' dir='ltr'><strong>9commendationis.</strong></span> <span class='ocrx_word' id='word_1_245' title='bbox 1122 4218 1164 4267; x_wconf 88' lang='lat' dir='ltr'><strong>ise</strong></span> <span class='ocrx_word' id='word_1_246' title='bbox 1187 4234 1213 4282; x_wconf 93' lang='lat' dir='ltr'><strong>p.</strong></span> <span class='ocrx_word' id='word_1_247' title='bbox 1232 4223 1291 4266; x_wconf 82' lang='lat' dir='ltr'><strong>unte</strong></span> <span class='ocrx_word' id='word_1_248' title='bbox 1309 4231 1378 4265; x_wconf 83' lang='lat' dir='ltr'><strong>corr.</strong></span> <span class='ocrx_word' id='word_1_249' title='bbox 1400 4214 1421 4264; x_wconf 87' lang='lat' dir='ltr'><em>G</em></span> <span class='ocrx_word' id='word_1_250' title='bbox 1445 4211 1479 4276; x_wconf 82' lang='lat' dir='ltr'><strong>(is</strong></span> 
     </span>
     <span class='ocr_line' id='line_1_31' title="bbox 337 4293 1478 4368; baseline -0.002 -17"><span class='ocrx_word' id='word_1_251' title='bbox 337 4318 378 4367; x_wconf 87' lang='lat' dir='ltr'><strong>ep.</strong></span> <span class='ocrx_word' id='word_1_252' title='bbox 399 4302 455 4365; x_wconf 75' lang='lat'><strong>6⁶),</strong></span> <span class='ocrx_word' id='word_1_253' title='bbox 475 4293 720 4352; x_wconf 72' lang='lat' dir='ltr'><strong>commendatione.</strong></span> <span class='ocrx_word' id='word_1_254' title='bbox 740 4301 796 4351; x_wconf 86' lang='lat' dir='ltr'><strong>sise</strong></span> <span class='ocrx_word' id='word_1_255' title='bbox 815 4319 841 4368; x_wconf 91' lang='lat' dir='ltr'><strong>p.</strong></span> <span class='ocrx_word' id='word_1_256' title='bbox 858 4302 892 4351; x_wconf 82' lang='grc' dir='ltr'><strong>Ε.</strong></span> <span class='ocrx_word' id='word_1_257' title='bbox 915 4298 928 4368; x_wconf 75' lang='lat' dir='ltr'><strong>l}</strong></span> <span class='ocrx_word' id='word_1_258' title='bbox 952 4304 981 4351; x_wconf 92' lang='lat'><strong>11</strong></span> <span class='ocrx_word' id='word_1_259' title='bbox 1001 4302 1111 4352; x_wconf 89' lang='lat' dir='ltr'><strong>litteras</strong></span> <span class='ocrx_word' id='word_1_260' title='bbox 1136 4301 1225 4351; x_wconf 86' lang='lat' dir='ltr'><strong>aditus</strong></span> <span class='ocrx_word' id='word_1_261' title='bbox 1248 4301 1326 4350; x_wconf 77' lang='lat' dir='ltr'><strong>EGH</strong></span> <span class='ocrx_word' id='word_1_262' title='bbox 1349 4297 1400 4362; x_wconf 93' lang='lat' dir='ltr'><strong>(uti</strong></span> <span class='ocrx_word' id='word_1_263' title='bbox 1418 4300 1478 4349; x_wconf 85' lang='lat' dir='ltr'><strong>add.</strong></span> 
     </span>
     <span class='ocr_line' id='line_1_32' title="bbox 336 4381 1479 4453; baseline -0.004 -18"><span class='ocrx_word' id='word_1_264' title='bbox 336 4386 412 4452; x_wconf 69' lang='lat' dir='ltr'><strong>ree).</strong></span> <span class='ocrx_word' id='word_1_265' title='bbox 437 4384 449 4453; x_wconf 75' lang='lat' dir='ltr'>ss</span> <span class='ocrx_word' id='word_1_266' title='bbox 473 4389 505 4435; x_wconf 78' lang='lat'><strong>12</strong></span> <span class='ocrx_word' id='word_1_267' title='bbox 524 4387 597 4451; x_wconf 88' lang='lat' dir='ltr'><strong>petit</strong></span> <span class='ocrx_word' id='word_1_268' title='bbox 622 4385 648 4449; x_wconf 89' lang='lat' dir='ltr'><strong>(i.</strong></span> <span class='ocrx_word' id='word_1_269' title='bbox 668 4402 690 4439; x_wconf 86' lang='lat' dir='ltr'><strong>e.</strong></span> <span class='ocrx_word' id='word_1_270' title='bbox 709 4385 792 4450; x_wconf 86' lang='lat' dir='ltr'><strong>petiit</strong></span> <span class='ocrx_word' id='word_1_271' title='bbox 810 4384 843 4449; x_wconf 77' lang='lat' dir='ltr'><strong>l.)</strong></span> <span class='ocrx_word' id='word_1_272' title='bbox 867 4388 946 4436; x_wconf 82' lang='lat' dir='ltr'><em>EGII</em></span> <span class='ocrx_word' id='word_1_273' title='bbox 968 4384 1021 4451; x_wconf 83' lang='lat' dir='ltr'><strong>(lc).</strong></span> <span class='ocrx_word' id='word_1_274' title='bbox 1050 4383 1063 4452; x_wconf 81' lang='grc'><strong>11</strong></span> <span class='ocrx_word' id='word_1_275' title='bbox 1093 4388 1124 4436; x_wconf 82' lang='grc'>14</span> <span class='ocrx_word' id='word_1_276' title='bbox 1147 4386 1204 4435; x_wconf 87' lang='lat' dir='ltr'><strong>ludi</strong></span> <span class='ocrx_word' id='word_1_277' title='bbox 1223 4386 1300 4434; x_wconf 71' lang='grc' dir='ltr'><strong>ΕΘΗ</strong></span> <span class='ocrx_word' id='word_1_278' title='bbox 1320 4382 1375 4447; x_wconf 78' lang='lat' dir='ltr'><strong>(LI,</strong></span> <span class='ocrx_word' id='word_1_279' title='bbox 1399 4381 1479 4432; x_wconf 91' lang='lat' dir='ltr'><strong>illudi</strong></span> 
     </span>
     <span class='ocr_line' id='line_1_33' title="bbox 336 4465 1479 4539; baseline -0.003 -19"><span class='ocrx_word' id='word_1_280' title='bbox 336 4472 386 4533; x_wconf 74' lang='lat' dir='ltr'><strong>ed).</strong></span> <span class='ocrx_word' id='word_1_281' title='bbox 409 4469 421 4539; x_wconf 82' lang='grc'><strong>11</strong></span> <span class='ocrx_word' id='word_1_282' title='bbox 446 4472 481 4521; x_wconf 85' lang='lat' dir='ltr'><strong>ab</strong></span> <span class='ocrx_word' id='word_1_283' title='bbox 501 4487 530 4522; x_wconf 88' lang='lat' dir='ltr'><strong>se</strong></span> <span class='ocrx_word' id='word_1_284' title='bbox 550 4471 627 4521; x_wconf 81' lang='lat' dir='ltr'><strong>EGH</strong></span> <span class='ocrx_word' id='word_1_285' title='bbox 646 4469 689 4533; x_wconf 85' lang='lat' dir='ltr'><strong>(L,</strong></span> <span class='ocrx_word' id='word_1_286' title='bbox 709 4471 744 4521; x_wconf 88' lang='lat' dir='ltr'><strong>ab</strong></span> <span class='ocrx_word' id='word_1_287' title='bbox 763 4487 792 4520; x_wconf 88' lang='lat' dir='ltr'><strong>rc</strong></span> <span class='ocrx_word' id='word_1_288' title='bbox 811 4467 894 4536; x_wconf 86' lang='lat' dir='ltr'><strong>le[v]).</strong></span> <span class='ocrx_word' id='word_1_289' title='bbox 918 4467 929 4536; x_wconf 79' lang='grc' dir='ltr'><strong>ΙΙ</strong></span> <span class='ocrx_word' id='word_1_290' title='bbox 956 4473 987 4521; x_wconf 87' lang='lat'><strong>15</strong></span> <span class='ocrx_word' id='word_1_291' title='bbox 1006 4472 1077 4537; x_wconf 88' lang='lat' dir='ltr'><strong>petit</strong></span> <span class='ocrx_word' id='word_1_292' title='bbox 1089 4472 1167 4520; x_wconf 82' lang='lat' dir='ltr'><strong>EGH</strong></span> <span class='ocrx_word' id='word_1_293' title='bbox 1185 4468 1262 4534; x_wconf 86' lang='lat' dir='ltr'><strong>(Lle).</strong></span> <span class='ocrx_word' id='word_1_294' title='bbox 1287 4465 1298 4534; x_wconf 80' lang='grc' dir='ltr'>Η</span> <span class='ocrx_word' id='word_1_295' title='bbox 1326 4467 1479 4517; x_wconf 89' lang='lat' dir='ltr'><strong>subsidium</strong></span> 
     </span>
     <span class='ocr_line' id='line_1_34' title="bbox 337 4549 1479 4623; baseline -0.004 -18"><span class='ocrx_word' id='word_1_296' title='bbox 337 4557 374 4605; x_wconf 81' lang='lat' dir='ltr'><strong>clr.</strong></span> <span class='ocrx_word' id='word_1_297' title='bbox 396 4552 411 4623; x_wconf 88' lang='lat' dir='ltr'>ss</span> <span class='ocrx_word' id='word_1_298' title='bbox 433 4559 465 4606; x_wconf 88' lang='lat'><strong>19</strong></span> <span class='ocrx_word' id='word_1_299' title='bbox 484 4555 591 4606; x_wconf 85' lang='lat' dir='ltr'><strong>clavam</strong></span> <span class='ocrx_word' id='word_1_300' title='bbox 610 4557 688 4607; x_wconf 71' lang='grc' dir='ltr'><strong>ΕΘΗ</strong></span> <span class='ocrx_word' id='word_1_301' title='bbox 707 4554 827 4619; x_wconf 86' lang='lat' dir='ltr'><strong>(clavum</strong></span> <span class='ocrx_word' id='word_1_302' title='bbox 845 4554 913 4618; x_wconf 86' lang='lat' dir='ltr'><strong>Llc).</strong></span> <span class='ocrx_word' id='word_1_303' title='bbox 938 4552 950 4620; x_wconf 80' lang='grc'><strong>11</strong></span> <span class='ocrx_word' id='word_1_304' title='bbox 972 4558 1006 4605; x_wconf 77' lang='lat'><strong>20</strong></span> <span class='ocrx_word' id='word_1_305' title='bbox 1024 4556 1185 4606; x_wconf 85' lang='lat' dir='ltr'><strong>avertisset:</strong></span> <span class='ocrx_word' id='word_1_306' title='bbox 1203 4555 1240 4602; x_wconf 84' lang='lat' dir='ltr'><strong>sic</strong></span> <span class='ocrx_word' id='word_1_307' title='bbox 1257 4553 1343 4605; x_wconf 72' lang='grc' dir='ltr'><em>ΕΘΗ.</em></span> <span class='ocrx_word' id='word_1_308' title='bbox 1367 4549 1379 4619; x_wconf 79' lang='lat' dir='ltr'><strong>[l</strong></span> <span class='ocrx_word' id='word_1_309' title='bbox 1402 4554 1433 4602; x_wconf 78' lang='lat'><strong>21</strong></span> <span class='ocrx_word' id='word_1_310' title='bbox 1453 4553 1479 4601; x_wconf 92' lang='lat' dir='ltr'><strong>ei</strong></span> 
     </span>
     <span class='ocr_line' id='line_1_35' title="bbox 337 4628 1477 4705; baseline -0.003 -16"><span class='ocrx_word' id='word_1_311' title='bbox 337 4642 418 4691; x_wconf 84' lang='lat' dir='ltr'><strong>iussit</strong></span> <span class='ocrx_word' id='word_1_312' title='bbox 434 4642 465 4690; x_wconf 85' lang='lat' dir='ltr'><em>H</em></span> <span class='ocrx_word' id='word_1_313' title='bbox 483 4639 569 4703; x_wconf 58' lang='grc' dir='ltr'><strong>(Ηώς</strong></span> <span class='ocrx_word' id='word_1_314' title='bbox 587 4640 668 4690; x_wconf 82' lang='lat' dir='ltr'><strong>iussit</strong></span> <span class='ocrx_word' id='word_1_315' title='bbox 687 4642 714 4689; x_wconf 89' lang='lat' dir='ltr'><strong>ei</strong></span> <span class='ocrx_word' id='word_1_316' title='bbox 732 4640 789 4693; x_wconf 81' lang='lat' dir='ltr'><strong>EG.</strong></span> <span class='ocrx_word' id='word_1_317' title='bbox 813 4636 825 4705; x_wconf 80' lang='grc'><strong>11</strong></span> <span class='ocrx_word' id='word_1_318' title='bbox 848 4643 880 4689; x_wconf 72' lang='lat'><strong>‘22</strong></span> <span class='ocrx_word' id='word_1_319' title='bbox 899 4656 951 4704; x_wconf 91' lang='lat' dir='ltr'><strong>quc</strong></span> <span class='ocrx_word' id='word_1_320' title='bbox 964 4658 1011 4693; x_wconf 76' lang='lat' dir='ltr'><strong>otu.</strong></span> <span class='ocrx_word' id='word_1_321' title='bbox 1025 4639 1058 4688; x_wconf 85' lang='lat' dir='ltr'><strong>E.</strong></span> <span class='ocrx_word' id='word_1_322' title='bbox 1080 4643 1091 4696; x_wconf 84' lang='lat' dir='ltr'><strong>ll</strong></span> <span class='ocrx_word' id='word_1_323' title='bbox 1115 4641 1148 4688; x_wconf 76' lang='lat'><strong>24</strong></span> <span class='ocrx_word' id='word_1_324' title='bbox 1168 4637 1303 4688; x_wconf 87' lang='lat' dir='ltr'><strong>claritatis</strong></span> <span class='ocrx_word' id='word_1_325' title='bbox 1322 4628 1477 4703; x_wconf 75' lang='lat' dir='ltr'><strong>Wesselinp:</strong></span> 
     </span>
     <span class='ocr_line' id='line_1_36' title="bbox 338 4721 863 4789; baseline 0 -15"><span class='ocrx_word' id='word_1_326' title='bbox 338 4725 459 4775; x_wconf 82' lang='lat' dir='ltr'><strong>claritati</strong></span> <span class='ocrx_word' id='word_1_327' title='bbox 478 4725 564 4776; x_wconf 73' lang='grc' dir='ltr'><em>ΕΘΗ.</em></span> <span class='ocrx_word' id='word_1_328' title='bbox 580 4727 643 4789; x_wconf 75' lang='lat' dir='ltr'><strong>sort.</strong></span> <span class='ocrx_word' id='word_1_329' title='bbox 662 4721 710 4775; x_wconf 80' lang='lat' dir='ltr'><strong>tua</strong></span> <span class='ocrx_word' id='word_1_330' title='bbox 729 4725 863 4775; x_wconf 85' lang='lat' dir='ltr'><strong>claritati.</strong></span> 
     </span>
    </p>
   </div>
   <div class='ocr_carea' id='block_1_6' title="bbox 0 0 2017 5825">
    <p class='ocr_par' dir='ltr' id='par_1_7' title="bbox 0 0 2017 5825">
     <span class='ocr_line' id='line_1_37' title="bbox 0 0 2017 5825; baseline 0 0"><span class='ocrx_word' id='word_1_331' title='bbox 0 0 2017 5825; x_wconf 95' lang='lat' dir='ltr'><strong> </strong></span> 
     </span>
    </p>
   </div>
  </div>
 </body>
</html>
