3984 5825
535 660 598 724 266
1027 676 1183 722 vrrnnvu

621 829 713 909 Quae
741 830 865 915 paenis
888 838 920 892 et
943 829 1012 892 sine
1041 837 1130 892 metu
1158 827 1360 914 temporibus
1383 826 1425 888 ad
1447 825 1627 890 utilitatem
1653 835 1686 889 et

537 930 785 994 delectationem
815 930 959 1015 paranda
986 928 1259 1016 quemadmodum
1286 928 1426 992 debeant
1454 928 1526 991 fieri
1554 929 1684 1013 peregi.

469 1046 515 1094 xv
537 1054 622 1096 nunc
645 1054 722 1095 voro
746 1053 828 1119 quae
849 1030 891 1094 ad
915 1030 1079 1117 praesidia
1102 1031 1238 1116 periculi
1261 1040 1292 1094 et
1315 1031 1543 1094 necessitatem
1566 1026 1683 1093 salutis
1705 1037 1751 1103 (x)

537 1143 612 1198 sunt
634 1135 782 1215 inventa,
806 1133 841 1196 id
865 1142 912 1196 cst
935 1135 1142 1219 scorpionum
1165 1143 1196 1197 et
1217 1131 1422 1197 ballistarum
1444 1131 1588 1195 rationes
1614 1131 1684 1217 qui-

504 1236 599 1301 sbus
622 1236 822 1323 symmetriis
846 1236 1028 1321 comparari
1050 1235 1177 1321 possint
1199 1256 1370 1320 exponam.

623 1338 744 1402 Omnes
777 1338 1002 1424 proportiones
1035 1359 1145 1401 eorum
1178 1347 1373 1421 organorum
1400 1337 1641 1400 ratiocinantur
1669 1358 1686 1398 e

538 1441 704 1527 proposita
719 1440 859 1522 sagittae
873 1437 1077 1522 longitudine
1093 1461 1188 1525 quam
1203 1437 1238 1502 id
1254 1461 1410 1523 organum
1425 1440 1557 1502 mittere
1573 1436 1686 1518 debet,

539 1544 672 1628 eiusque
699 1561 802 1603 nonae
830 1541 933 1625 partis
956 1540 993 1604 fit
1020 1541 1214 1605 foraminum
1241 1543 1275 1604 in
1298 1539 1449 1627 eapitrdis
1477 1538 1685 1624 magnitude,

539 1665 597 1730 per
625 1664 708 1729 quae
735 1640 915 1705 tenduntur
937 1644 1030 1707 nervi
1052 1643 1130 1706 torti
1153 1644 1210 1729 qui
1230 1643 1364 1707 brachia
1387 1643 1567 1707 continent.
1613 1643 1720 1728 ipsae

495 1758 525 1805 ιο
543 1756 612 1810 tnm
628 1743 726 1807 debet
741 1765 852 1807 eorum
874 1742 1071 1815 foraminum
1086 1743 1221 1832 capituli
1241 1739 1417 1809 deformari
1433 1743 1575 1809 altitudo
1593 1753 1626 1807 et
1640 1741 1688 1806 la·

539 1846 657 1911 titudo.
694 1843 825 1909 tabulae
848 1867 930 1931 quae
953 1856 1029 1910 sunt
1050 1848 1085 1910 in
1108 1869 1232 1912 summo
1256 1857 1288 1911 et
1309 1848 1344 1910 in
1365 1847 1430 1910 imo
1446 1845 1586 1934 capituli
1600 1846 1686 1932 peri·

478 1937 481 1944 ¹
540 1950 681 2034 trctiquo
703 1955 878 2028 vocantur,
906 1947 986 2010 fiant
1014 1949 1230 2013 crassitudine
1251 1950 1347 2013 unius
1369 1949 1549 2032 foraminis,
1575 1947 1688 2012 latitu-

540 2051 618 2114 dine
640 2050 735 2113 unius
759 2058 790 2111 et
813 2049 882 2112 eius
905 2048 1086 2134 dodrantis,
1108 2053 1144 2114 in
1166 2052 1321 2115 extremis
1344 2050 1513 2115 foraminis
1537 2051 1636 2116 unius
1656 2060 1689 2114 et

541 2153 610 2216 eius
633 2168 661 2215 s.
696 2152 910 2237 parastaticae
933 2151 1050 2217 dextra
1072 2175 1110 2216 ae
1132 2154 1265 2216 sinistra
1288 2163 1416 2239 praeter
1433 2153 1586 2218 cardines
1602 2151 1690 2216 altae

494 2267 522 2314 15
540 2253 735 2318 foraminum
758 2270 828 2332 1111,
851 2273 979 2317 crassae
1001 2254 1171 2320 foraminis
1194 2257 1328 2341 quinum
1427 2254 1579 2319 cardines
1601 2254 1689 2319 fora-

541 2357 637 2421 minis
661 2352 802 2433 dimidii,
825 2374 845 2414 a
870 2357 1067 2437 parastatica
1093 2355 1135 2419 ad
1165 2356 1311 2423 foramen
1343 2358 1484 2442 spatium
1515 2357 1691 2420 foraminis

540 2462 587 2556 sd,
609 2496 629 2535 a
651 2471 810 2535 foramine
832 2470 874 2533 ad
896 2473 1079 2538 medianam
1102 2477 1332 2561 parastaticam
1354 2478 1433 2540 item
1453 2475 1626 2542 foraminis
1642 2463 1690 2543 se.

542 2573 679 2638 latitudo
702 2572 892 2660 parastados
915 2575 1042 2641 mediae
1065 2579 1161 2641 unius
1184 2576 1352 2642 foraminis
1376 2588 1407 2642 et
1428 2580 1499 2643 eius
1516 2575 1576 2659 dn,
1602 2601 1690 2643 eras-

542 2675 651 2741 situdo
678 2674 847 2738 foraminis
870 2679 976 2741 unius.
1021 2677 1246 2760 intervallum,
1275 2679 1333 2743 ubi
1355 2682 1476 2764 sagitta
1498 2680 1725 2746 conlocatur3

491 2788 524 2833 2¹0
543 2779 577 2842 in
593 2776 700 2840 media
715 2778 898 2863 parastade,
914 2779 1084 2844 foraminis
1100 2781 1203 2867 partis
1220 2790 1364 2866 quartae.
1392 2782 1507 2866 anguli
1521 2792 1692 2868 quattuor,

543 2881 599 2967 qui
627 2888 702 2944 sunt
730 2880 831 2969 circa,
860 2882 894 2945 in
923 2882 1079 2947 latoribus
1102 2891 1135 2948 et
1162 2881 1325 2949 frontibus
1347 2882 1464 2949 lamnis
1491 2884 1610 2949 ferreis
1634 2896 1694 2950 aut

547 3060 770 3071 ...-·--—-—-

611 3170 741 3235 iperegi
763 3183 810 3232 epo
833 3160 983 3227 (peregisse
1005 3159 1100 3209 videor
1117 3160 1186 3224 ed.):
1215 3164 1278 3225 pegi
1293 3176 1363 3243 fase
1385 3161 1506 3210 turturum
1531 3162 1620 3212 EGH.
1652 3164 1694 3213 la'c

542 3256 636 3306 desiuit
663 3253 687 3302 Ε
709 3255 752 3318 qai
777 3252 869 3300 transit
900 3248 936 3296 ud
961 3261 987 3298 c.
1013 3247 1057 3300 16,
1081 3249 1097 3294 2
1125 3246 1167 3295 De
1190 3248 1393 3311 repugnatoriis
1420 3262 1487 3296 vero
1585 3244 1598 3312 11
1626 3251 1644 3297 3
1668 3250 1694 3297 in

543 3357 620 3404 capp.
636 3355 709 3404 seqq.
729 3340 761 3387 10
773 3343 798 3387 et
812 3338 842 3385 n
860 3335 929 3383 solas
947 3330 1051 3381 exatores
1068 3330 1119 3379 GH
1136 3332 1266 3380 lectiones.
1289 3332 1451 3393 celerrimos.
1471 3332 1507 3384 H.
1526 3331 1632 3397 chdly
1651 3335 1693 3384 in:

545 3424 646 3474 Grircd.
666 3420 941 3485 Krtepssctriststeder
958 3422 976 3465 t.
996 3415 1021 3469 1.
1039 3416 1104 3479 Lpz.
1125 3416 1194 3465 1853
1208 3432 1237 3479 p.
1252 3418 1370 3480 35quq.
1389 3423 1415 3465 et
1433 3416 1462 3466 F.
1476 3416 1561 3466 Heber
1578 3418 1605 3465 ia
1624 3433 1694 3467 cers.

542 3524 621 3572 pem.
644 3506 737 3571 δίκης,
762 3507 835 3553 1865.
867 3518 914 3566 epo
936 3519 952 3549 n
974 3502 1128 3565 corripendo
1147 3516 1258 3564 prorsas
1275 3500 1405 3550 abstinens
1425 3502 1500 3565 siqua
1523 3517 1694 3567 mosque

543 3593 619 3656 posci
635 3606 700 3655 qaae
716 3596 776 3639 strue
793 3591 818 3635 tn
831 3587 890 3640 HG.
909 3587 972 3634 eieci
988 3593 1070 3634 auten
1084 3592 1182 3649 paracta
1198 3587 1293 3636 circulo
1308 3587 1397 3650 posita
1414 3584 1504 3651 quibas
1520 3588 1596 3637 υααιί
1611 3602 1696 3637 eausa

543 3682 700 3740 separentur
717 3676 820 3722 ueremi.
842 3668 855 3735 11
878 3668 1072 3719 bonnuariis
1090 3670 1128 3718 H.
1150 3666 1163 3733 l)
1184 3674 1297 3734 possunt
1317 3675 1378 3719 ante
1400 3685 1469 3719 corr.
1495 3671 1532 3721 H.
1554 3666 1568 3735 ΙΙ
1590 3672 1606 3719 6
1630 3687 1696 3735 pro-

545 3761 685 3826 portiones
704 3757 752 3820 (Le
769 3772 822 3805 cren
840 3771 853 3804 s
870 3757 895 3803 tn
914 3754 993 3814 ras.):
1014 3769 1083 3803 -ne
1101 3754 1161 3805 HG.
1182 3753 1195 3818 i)
1216 3751 1419 3803 ratiocinantur
1431 3754 1518 3805 Rode:
1537 3757 1694 3805 ratiocina-

545 3852 634 3895 torum
653 3844 704 3894 HG
722 3842 935 3905 tratiocinautor
954 3838 1027 3900 liri).
1048 3835 1061 3900 l)
1084 3854 1099 3887 s
1119 3836 1175 3900 (ex)
1193 3839 1265 3889 loa:
1283 3836 1307 3886 fa
1324 3837 1366 3899 (et
1383 3836 1416 3899 G)
1435 3839 1498 3891 HG,
1520 3836 1533 3904 Η
1557 3840 1574 3888 8
1590 3838 1637 3889 fit:
1657 3843 1695 3889 εἰς

547 3930 605 3979 HG.
623 3927 636 3996 Η
651 3928 814 3979 foraminum
832 3926 901 3974 dec:
921 3924 997 3971 -nis
1016 3923 1075 3974 HG.
1095 3920 1107 3944 '¹
1130 3924 1147 3972 9
1165 3938 1213 3987 per
1225 3937 1296 3987 qnae
1315 3924 1371 3973 ed:
1389 3937 1491 3986 pquas
1504 3923 1567 3974 HG.
1589 3920 1602 3988 ΙΙ
1628 3940 1695 3974 eon·

545 4014 635 4063 tinere
654 4015 716 4078 ipsit
736 4009 754 4075 l.
781 4012 870 4075 ipsum
885 4008 917 4063 G)
937 4014 1030 4056 taurea
1043 4007 1144 4056 debent
1158 4022 1250 4056 corum
1264 4005 1340 4067 (—ri1
1359 4008 1391 4056 H
1394 4009 1403 4069 l
1421 4008 1588 4057 foraminum
1607 4007 1695 4072 (—n1‘r

548 4099 589 4160 H)
613 4097 727 4163 capituli
745 4095 914 4144 ‹letormatur
932 4108 957 4145 a.
978 4092 1028 4140 HG
1051 4093 1130 4152 (con.
1151 4089 1223 4152 lici).
1238 4089 1251 4157 f)
1273 4095 1302 4140 11
1320 4090 1436 4155 capituli
1448 4107 1553 4155 operae
1571 4092 1650 4153 (—re
1661 4093 1693 4156 G)

546 4181 625 4243 reliq:
644 4196 742 4246 t-qlte
761 4180 793 4242 G)
812 4179 873 4228 HG.
892 4180 942 4238 trir
960 4178 1141 4225 ‹lactas-sc.
1164 4173 1353 4225 raesens-n
1375 4192 1455 4240 nmy.
1477 4178 1537 4228 cod,
1560 4179 1695 4241 leco-ipsit

546 4264 608 4313 turc
637 4263 679 4322 ,,Ι.
703 4264 818 4328 capitali
845 4261 1061 4328 peritretique.‘·
1087 4260 1122 4321 cs.
1146 4258 1233 4320 Scdn.)
1257 4256 1269 4324 l)
1297 4262 1329 4308 12
1352 4259 1500 4309 latitudine
1529 4261 1564 4310 G:
1591 4277 1642 4311 om.
1667 4262 1699 4309 H

548 4347 615 4411 (trent
636 4348 700 4400 aret,
726 4345 736 4410 ζ’
761 4352 792 4398 13
810 4345 991 4397 foraminibus
1009 4344 1068 4394 HG.
1091 4340 1104 4406 ΙΙ
1127 4341 1209 4391 fterq
1231 4345 1403 4408 parastatica
1421 4345 1462 4402 H,
1482 4343 1593 4395 et'eius
1611 4361 1696 4409 para·

546 4433 615 4480 stirs
635 4431 656 4479 G
676 4434 733 4492 psat
749 4434 774 4479 tn
792 4449 870 4496 stirp.
890 4431 925 4479 Ge
941 4431 953 4479 ῑ
972 4429 1001 4479 al
1020 4428 1213 4493 parastatica).
1234 4429 1246 4492 j}
1270 4432 1302 4477 15
1315 4429 1479 4479 foraminum
1499 4431 1615 4493 quinum
1634 4446 1694 4479 car—

546 4516 618 4564 tristis
636 4514 779 4565 foraminis
801 4515 914 4565 dimidia
936 4513 1112 4590 paqstatica
1134 4512 1169 4561 ad
1191 4513 1212 4564 f.
1235 4514 1287 4561 HG
1308 4515 1433 4576 aquinum
1517 4530 1556 4563 sc.
1575 4530 1612 4563 ex
1630 4519 1695 4563 octo

547 4615 672 4678 partibus
684 4616 774 4664 aaa
786 4613 798 4678 ξ·
811 4616 842 4664 rs
853 4623 879 4664 a
894 4618 923 4664 n
937 4615 1081 4664 foraminis
1089 4615 1144 4666 sa
1163 4613 1216 4663 no
1234 4596 1301 4675 (si
1320 4614 1363 4676 a).
1383 4611 1397 4680 u
1419 4614 1657 4665 tenemusne.
1680 4616 1692 4678 a

548 4698 628 4763 ,Tse
647 4720 685 4762 stc
702 4715 762 4763 HG.
819 4718 850 4765 21
870 4715 970 4764 lamnis
987 4716 1023 4768 H.
1042 4715 1179 4765 lamminis
1197 4716 1227 4766 G.
