3984 5825
606 425 650 470 uu
675 423 834 472 niveusrs
861 425 1020 473 ruruuers
1044 424 1383 471 naturrmorour(rua.
1507 410 1569 473 203

423 580 495 642 erit.
540 601 604 642 non
633 578 739 640 minus
769 578 796 640 si
824 575 984 664 perlucidi
1013 576 1120 641 fontes
1151 577 1272 639 fuerint
1300 586 1332 640 et
1360 579 1430 640 sine
1459 600 1569 642 nmsco

422 690 478 743 airt
512 678 707 765 quibusdam
741 679 1011 765 inquinamentis,
1050 680 1170 763 [ignem
1203 679 1370 762 monitam]
1406 677 1569 744 salubrem

424 791 678 869 perpetuamque
699 803 815 866 aquam
838 780 981 843 futuram
1005 780 1214 864 significabit.

511 882 634 945 lluetus
658 892 766 945 autem
788 904 890 968 aquae
913 890 1066 967 quattuor
1086 881 1260 967 generibus
1277 883 1369 964 liunt,
1392 892 1448 947 aut
1464 883 1568 947 forma
1602 886 1637 925 ⁸³¹·
1653 886 1681 948 'l'

1582 950 1650 987 auimo
1666 951 1695 978 m-

367 994 397 1043 5
424 983 561 1049 structili
586 993 642 1046 aut
664 981 781 1047 fistulis
803 982 964 1070 plumbeis
987 992 1044 1046 urit
1069 983 1156 1047 tubis
1180 982 1233 1047 vel
1257 983 1424 1050 canalibus
1448 984 1565 1070 ligneis
1586 989 1691 1032 010111·-

423 1095 477 1149 aut
507 1084 595 1149 tubis
618 1084 784 1148 fictilibus.
830 1087 857 1149 si
880 1107 939 1170 per
961 1084 1099 1149 formam
1122 1108 1206 1173 aqua
1228 1084 1374 1169 ducitur,
1404 1097 1567 1151 structura
1581 1073 1641 1175 ΗῘΗΗ
1650 1078 1673 1172 Η
1682 1079 1719 1173 Η,

425 1187 490 1251 eius
520 1185 695 1269 diligenter
717 1185 851 1250 solidari
874 1186 987 1268 debet,
1018 1187 1257 1272 nuperrimos
1281 1198 1403 1273 pereat.
1449 1188 1567 1259 canali-

424 1287 511 1352 culus
535 1288 658 1351 t'orrnae
681 1289 773 1351 iuxta
796 1286 1055 1371 magnitudinem
1078 1308 1181 1373 aquae
1197 1287 1369 1373 dirigatur.
1408 1291 1436 1354 si
1452 1288 1567 1376 planus

424 1389 509 1454 loeus
540 1389 654 1470 fuerit,
689 1388 775 1451 infra
803 1399 900 1476 eaput
927 1411 1031 1476 aquae
1060 1399 1222 1453 structura
1250 1390 1435 1455 conlocetur
1462 1402 1509 1474 et,
1540 1393 1568 1456 si

363 1498 409 1552 [ο
425 1490 549 1574 longior
582 1488 720 1577 planitia
754 1490 868 1574 luerit,
902 1490 985 1576 pede
1019 1491 1116 1555 semis
1150 1491 1234 1555 inter
1263 1502 1416 1557 centenos
1446 1492 1498 1556 vel
1522 1512 1568 1556 nx

424 1593 520 1680 pedes
544 1601 708 1655 structura
731 1591 952 1673 submittatur,
975 1602 1012 1656 ut
1034 1592 1177 1657 animata
1197 1616 1281 1679 aqua
1304 1616 1369 1659 non
1391 1595 1485 1681 pigro
1507 1595 1565 1658 im-

422 1703 497 1779 petu
520 1692 681 1756 decurrat.
719 1694 845 1756 namsi
868 1691 1040 1758 intervalla
1062 1694 1217 1758 montium
1242 1694 1380 1776 fuerint,
1403 1695 1445 1758 ad
1468 1695 1565 1758 libra-

423 1805 565 1860 mentum
599 1797 715 1881 capitis
748 1818 852 1882 aqrrae
880 1817 994 1882 specus
1024 1794 1084 1859 sub
1113 1804 1199 1859 terra
1228 1797 1290 1860 erit
1317 1806 1481 1861 structura
1510 1807 1567 1861 aut

422 1896 565 1962 roboreis
594 1895 760 1961 canalibus
788 1920 891 1983 aquae
921 1897 1039 1962 ductus
1063 1907 1284 1983 componatur.
1330 1898 1417 1985 quod
1440 1900 1468 1963 si
1491 1921 1564 1971 cen-

365 2007 405 2062 lo
422 2021 520 2062 cavae
548 1997 688 2062 uallium
722 1999 934 2063 demissiones
968 1998 1155 2086 inpedient,
1189 2007 1352 2064 stmetura
1380 1999 1484 2065 solida
1513 1998 1564 2062 vel

420 2099 569 2166 arcuatili
608 2100 651 2163 ad
689 2098 918 2165 libramentum
954 2122 1058 2186 aquae
1101 2111 1304 2184 occurratur,
1350 2111 1406 2167 aut
1447 2101 1565 2167 fistulis

420 2202 581 2291 plumbeis
615 2211 671 2264 aut
699 2199 866 2266 canalibus
900 2200 1003 2265 libere
1032 2224 1145 2266 cursus
1176 2201 1347 2287 dirigatur.
1394 2224 1507 2267 verum
1537 2205 1565 2267 si

419 2304 515 2368 altior
537 2303 626 2367 locus
649 2302 746 2367 suerit
768 2302 855 2366 unde
877 2325 962 2389 aqua
985 2302 1125 2384 ducitur,
1149 2301 1316 2389 aliquanto
1340 2306 1475 2368 inferius
1497 2302 1565 2389 pla·

419 2407 501 2470 nitia
531 2405 651 2468 inflexa
679 2402 832 2488 libretur,
861 2414 898 2468 ut
922 2405 1055 2468 veniens
1079 2426 1163 2489 aqua
1186 2404 1289 2467 fracto
1313 2405 1436 2490 impetu
1459 2403 1564 2466 lenius
1607 2403 1619 2414 ‘

368 2521 403 2572 20
420 2507 581 2571 decurrat.
626 2515 682 2571 aut
710 2507 739 2570 si
761 2506 888 2591 longius
912 2505 1086 2569 demente
1109 2503 1239 2568 ducitur
1246 2553 1255 2586 ,
1287 2506 1418 2590 saepius
1441 2504 1563 2569 flexuo-

419 2632 471 2673 sas
505 2607 657 2694 planities
686 2608 797 2672 t'aeies.
841 2609 1086 2671 minori'etiam
1114 2615 1245 2692 sumptu
1273 2615 1305 2669 et
1334 2604 1446 2670 utilius
1475 2606 1563 2669 tubis

419 2708 573 2774 fictilibus
597 2707 773 2773 inducitur.
818 2731 890 2772 eum
912 2731 932 2772 a
954 2709 1054 2793 figulo
1078 2729 1155 2792 ergo
1178 2707 1267 2788 fient,
1291 2728 1331 2769 ne
1355 2707 1460 2769 minus
1484 2705 1562 2771 duo·

419 2834 490 2875 rum
513 2811 692 2895 digitorum
714 2808 935 2894 grossitudine
958 2811 1081 2875 corium
1104 2808 1255 2872 habeant.
1300 2806 1358 2872 sed
1379 2808 1443 2894 ipsi
1458 2806 1563 2871 tubuli

421 2937 462 2978 ex
486 2936 550 2976 una
578 2923 668 2998 parte
695 2914 900 2996 angustiores
929 2913 1026 2994 liant,
1056 2921 1092 2975 ut
1114 2910 1195 2975 alter
1218 2913 1252 2975 in
1273 2909 1411 2974 alterum
1433 2930 1491 2995 per
1514 2931 1563 2973 or-

373 3031 402 3079 to
419 3015 528 3077 (linem
563 3012 615 3077 vol
648 3012 790 3100 palmum
826 3013 1062 3098 ingrediantur.
1107 3016 1275 3077 iuncturae
1311 3020 1418 3075 autem
1453 3032 1563 3074 eorum

420 3115 507 3180 ealce
537 3118 614 3180 viva
642 3113 711 3179 olco
740 3116 874 3179 subacta
903 3113 1104 3178 inliniantur.
1150 3122 1182 3176 et
1209 3122 1383 3198 antequam
1409 3135 1429 3175 a
1457 3112 1564 3197 capite

418 3239 503 3305 aqua
525 3216 731 3299 demittatur,
760 3216 875 3281 favilla
898 3238 955 3304 per
978 3237 1032 3280 eos
1056 3237 1130 3279 eum
1152 3236 1253 3302 parvo
1276 3213 1402 3301 liquore
1424 3212 1563 3296 laxetur,

890 3314 902 3345 ὓ

488 3546 501 3592 1
521 3542 658 3607 suplucidi
675 3559 701 3606 p.
724 3538 737 3608 Η
760 3545 775 3591 2
794 3539 913 3606 (signum
931 3541 983 3592 hoe
1001 3541 1041 3590 ita
1059 3542 1128 3597 Por,
1147 3541 1213 3589 item
1232 3539 1330 3600 Mur.):
1350 3538 1444 3601 Ignem
1464 3538 1564 3585 monita

421 3647 440 3686 c,
454 3629 545 3694 iguem
558 3628 561 3688 Ι
573 3628 702 3677 monitam
718 3644 744 3691 p,
763 3628 936 3691 ignem.n0n
954 3626 992 3676 iu
1010 3623 1068 3687 (sie)
1087 3642 1113 3688 p.
1131 3620 1143 3689 ΗΗ
1159 3626 1174 3672 6
1194 3624 1291 3687 siper:
1311 3636 1392 3684 supe.
1411 3616 1422 3683 Η
1439 3621 1454 3668 0
1473 3620 1563 3675 fuerit,

420 3712 492 3762 infra
511 3712 594 3766 Mun:
615 3712 699 3762 fuerit
718 3710 786 3774 pedo
805 3711 889 3761 semis
906 3711 980 3761 intra
997 3726 1046 3774 app
1065 3707 1144 3773 (pede
1163 3708 1246 3756 semis
1268 3712 1327 3769 post
1349 3706 1455 3754 alterum
1479 3702 1563 3751 fuerit

420 3814 442 3846 e.
467 3800 499 3846 10
519 3799 605 3862 posuit
629 3797 699 3847 Mar.
723 3798 778 3845 coll.
802 3794 891 3859 Padi.
919 3791 931 3861 Η
961 3797 992 3844 10
1015 3795 1065 3843 LX
1086 3808 1131 3857 up:
1155 3790 1302 3854 sexaginta
1321 3804 1348 3852 p.
1372 3786 1383 3853 Η
1408 3789 1439 3836 13
1463 3786 1563 3850 capitis

421 3884 465 3944 (rs.
485 3881 581 3945 Mar.):
603 3884 687 3945 caput
703 3895 760 3944 epp.
779 3875 790 3946 Η
810 3895 900 3944 aquae
919 3892 1031 3944 specus:
1050 3878 1088 3926 sie
1105 3891 1154 3940 opp
1172 3873 1230 3939 (sed
1247 3874 1287 3923 uti
1305 3878 1364 3922 ante
1382 3883 1482 3934 specus
1501 3870 1561 3921 add.

419 3977 457 4030 μθ,
477 3968 520 4032 qui
536 3976 661 4029 nroae‘pro
680 3966 820 4014 structura
837 3980 886 4028 epp
905 3964 975 4013 dedit
993 3958 1171 4022 struendum).
1196 3955 1208 4025 Η
1233 3959 1263 4008 10
1282 3955 1455 4006 dimissiones
1472 3969 1528 4017 opp.
1548 3948 1561 4016 Η

422 4056 575 4101 structuras
594 4048 697 4099 solidas
716 4047 761 4098 vel
780 4046 931 4098 arcuatiles
948 4063 997 4111 opp
1020 4043 1099 4109 (corr.
1121 4044 1230 4094 Polenuo
1248 4058 1282 4092 ere
1305 4040 1363 4092 Vae.
1382 4038 1418 4102 2).
1445 4033 1456 4102 Η
1481 4038 1511 4086 17
1531 4036 1563 4085 li-

422 4135 486 4185 bere
505 4150 564 4200 ege:
592 4134 682 4183 librae
702 4129 776 4194 (-re
793 4148 820 4195 p,
840 4147 902 4196 -re
921 4133 947 4180 in
969 4145 1022 4180 raa.
1040 4127 1066 4194 p)
1090 4144 1139 4193 app
1166 4125 1225 4189 (sed
1247 4140 1336 4189 aquae
1358 4138 1438 4186 supra
1459 4122 1564 4184 scripsit

420 4219 470 4283 pv).
496 4216 507 4285 Η
531 4221 562 4269 10
582 4218 673 4268 fracte
690 4232 738 4281 pp:
766 4216 868 4281 fragite
888 4216 944 4277 (sie)
964 4232 985 4265 v.
1010 4210 1022 4278 Η
1044 4215 1075 4262 21
1100 4210 1245 4277 planities:
1272 4212 1309 4259 sie
1331 4223 1387 4271 opp.
1412 4202 1424 4271 Η
1453 4205 1562 4254 minori:

420 4304 456 4352 tie
467 4318 517 4367 epp
527 4300 565 4366 (ut
576 4317 655 4366 saepe
664 4303 698 4363 cf.
708 4318 734 4363 p.
746 4302 805 4362 208,
817 4303 859 4351 25.
872 4303 931 4357 302,
944 4302 968 4349 3.
981 4299 1044 4359 303,
1055 4298 1099 4346 23.
1112 4296 1171 4350 301,
1184 4294 1235 4356 10).
1250 4288 1262 4357 Η
1273 4294 1304 4342 ‘23
1318 4288 1502 4355 grossitudine
1515 4304 1564 4352 opp

422 4386 469 4451 (cs.
490 4390 558 4448 303,
579 4389 611 4435 18
629 4394 676 4436 etc.
695 4386 743 4435 sed
764 4383 949 4449 grossitudine
974 4379 1108 4445 300,11);
1135 4362 1379 4428 οταεείῖυιΙίηοέἀ.
1403 4369 1414 4439 Η
1437 4374 1470 4423 24
1493 4371 1565 4421 alter·

421 4488 468 4536 pp:
488 4470 571 4521 alteri
589 4488 611 4521 υ.
628 4466 639 4536 Η
655 4472 689 4520 25
707 4469 752 4520 vel
766 4468 898 4535 palmum:
917 4468 954 4516 sic
972 4481 1022 4531 opp
1040 4464 1068 4524 (i.
1082 4479 1105 4513 e.
1124 4461 1169 4514 vel
1188 4457 1413 4528 ,‚palmi=spatio“
1431 4465 1459 4508 ut
1476 4455 1564 4521 Paua.
