3984 5825
421 611 481 673 1111
916 623 1073 670 virnuvu

504 777 678 864 Etiamque
701 776 907 863 Pythagorae
937 775 1058 861 quiquo
1081 776 1151 839 eius
1174 776 1336 840 haeresim
1359 775 1507 840 fuerunt
1530 797 1582 840 se·

420 883 487 945 cuti
519 878 641 966 placuit
673 877 798 964 cybicis
839 877 1020 941 rationibus
1061 889 1233 965 praecepta
1268 880 1320 950 in,
1339 877 1583 942 voluminibus

419 983 576 1063 seribere,
606 980 907 1065 constitueruntque
936 979 1056 1064 cybum
1077 996 1181 1042 ccxvr
1212 1001 1326 1061 versus
1355 1001 1485 1066 eosque
1513 1002 1582 1044 non

420 1083 493 1172 plus
525 1093 591 1146 tres
624 1084 658 1144 in
691 1103 756 1144 una
790 1082 1028 1168 conscriptione
1070 1091 1218 1168 oportere
1253 1103 1323 1145 esse
1356 1093 1579 1169 putaverunt.

386 1201 402 1247 5
420 1185 523 1272 cybus
546 1194 655 1248 autem
678 1193 728 1246 est
750 1205 867 1270 corpus
891 1205 949 1245 sex
971 1181 1129 1246 lateribus
1151 1182 1280 1269 aequali
1301 1182 1485 1249 latitudine
1508 1183 1612 1271 pla-4

399 1289 576 1352 'nitiarum
598 1283 862 1374 perquadratum.
908 1287 935 1347 is
959 1307 1033 1347 cum
1055 1295 1104 1348 est
1126 1286 1241 1368 iaetus,
1265 1308 1363 1372 quam
1386 1287 1422 1350 in
1446 1297 1577 1373 partem

421 1388 570 1453 incubuit
597 1387 675 1450 dum
705 1396 754 1450 est
781 1387 922 1450 intactus
952 1388 1105 1471 inmotam
1135 1386 1233 1451 habet
1260 1385 1499 1470 stabilitatem,
1527 1389 1579 1451 uti

423 1500 498 1556 sunt
526 1492 625 1554 etiam
653 1498 794 1554 tesserae
826 1510 905 1574 quas
932 1490 967 1551 in
995 1486 1089 1553 alveo
1124 1488 1272 1553 ludentes
1300 1490 1435 1553 iaciunt.
1492 1489 1578 1553 hanc

422 1602 530 1657 autem
553 1590 802 1656 similitudinem
824 1613 867 1654 ex
888 1613 925 1654 eo
941 1592 1118 1676 sumpsisse
1134 1591 1288 1684 videntur
1310 1591 1398 1676 quod
1414 1593 1443 1654 is
1461 1613 1575 1656 nume-

374 1709 405 1757 10
422 1717 477 1759 rus
504 1716 657 1759 versuum
689 1694 739 1757 uti
767 1692 869 1779 cybus
903 1693 938 1755 in
969 1713 1205 1778 quemeumque
1237 1714 1366 1756 sensum
1400 1693 1578 1775 insederit,

422 1799 579 1861 inmotam
606 1795 728 1860 efficiat
749 1794 797 1858 ibi
825 1795 1001 1858 memoriae
1029 1792 1252 1858 stabilitatem.
1297 1793 1420 1859 Graeci
1442 1818 1577 1884 quoque

423 1907 538 1986 poetae
553 1899 668 1962 comici
683 1898 925 1983 interponentes
942 1918 958 1959 e
974 1896 1072 1960 choro
1088 1897 1249 1958 canticum
1266 1895 1451 1961 diviserunt
1468 1898 1578 1984 spatia

424 1998 618 2064 fabularum.
662 2001 710 2061 ita
737 2006 845 2087 partes
874 1996 990 2084 cybica
1016 1997 1142 2060 ratione
1172 1997 1328 2061 facientes
1351 1998 1575 2085 intercapedi-

423 2100 520 2166 nibus
542 2100 653 2164 levant
674 2109 819 2163 actorum
841 2100 1132 2185 pronuntiationes,

375 2215 407 2263 15
510 2201 592 2266 Cum
620 2223 696 2286 ergo
725 2200 806 2264 haec
834 2200 975 2263 naturali
1003 2201 1099 2265 modo
1127 2201 1192 2263 sint
1219 2223 1238 2262 a
1259 2201 1440 2266 maioribus
1463 2201 1609 2273 obser-s

427 2312 504 2366 vata
530 2302 702 2386 animoque
728 2300 900 2365 advertam
929 2302 1103 2366 inusitatas
1137 2312 1167 2366 et
1197 2302 1349 2366 obscuras
1378 2301 1495 2367 multis
1524 2326 1576 2367 res

427 2425 497 2467 esse
518 2403 598 2466 mihi
621 2401 826 2485 scribendas,
855 2426 918 2489 quo
940 2402 1069 2467 facilius
1098 2405 1140 2469 ad
1163 2427 1276 2468 sensus
1299 2403 1480 2490 legentium
1503 2428 1575 2495 per·

428 2506 539 2568 venire
560 2505 702 2591 possint,
730 2504 886 2568 brevibus
910 2505 1131 2570 voluminibus
1160 2505 1306 2571 iudicavi
1328 2506 1483 2572 scribere.
1531 2509 1577 2573 ita

428 2607 514 2670 enim
542 2598 696 2693 expedita
729 2616 823 2673 erunt
851 2606 892 2670 ad
921 2607 1186 2693 intellegendum.
1241 2630 1416 2696 eorumque
1445 2609 1576 2674 ordina·

378 2723 410 2770 20
428 2710 532 2772 tiones
554 2708 683 2771 institui
706 2709 754 2775 uti
769 2730 833 2772 non
849 2710 914 2773 sint
930 2710 1160 2796 quaerentibus
1180 2711 1355 2798 separatim
1376 2708 1577 2797 colligenda,

429 2807 487 2875 sed
509 2830 527 2872 e
549 2830 683 2898 corpore
704 2831 768 2873 uno
791 2812 880 2874 etin
902 2811 1040 2896 singulis
1056 2810 1275 2876 voluminibus
1297 2833 1454 2897 generum
1476 2812 1576 2877 habe-

429 2922 500 2978 rent
523 2910 766 3000 explicationes.
811 2914 932 2999 itaque,
957 2914 1088 2994 Caesar,
1112 2915 1209 2978 tertio
1227 2924 1393 3000 etllquarto
1409 2911 1578 2980 volumine

429 3015 559 3079 aedium
581 3037 745 3079 sacrarum
768 3017 909 3080 rationes
933 3017 1084 3102 exposui,
1114 3015 1175 3078 hoc
1196 3014 1280 3080 libro
1302 3013 1509 3103 publicorum
1532 3014 1576 3080 lo-

429 3117 742 3206 corumexpediam
769 3116 1010 3204 dispositiones.
1054 3119 1260 3205 primumque
1281 3118 1387 3182 forum
1408 3120 1459 3182 uti
1482 3140 1576 3206 opor-

379 3230 412 3279 25
430 3229 497 3283 teat
520 3220 674 3282 constitui
697 3218 815 3301 dicam,
839 3219 927 3305 quod
947 3220 983 3282 in
1005 3241 1042 3284 eo
1058 3229 1090 3283 et
1104 3218 1307 3306 publicarum
1324 3228 1356 3283 et
1370 3220 1577 3304 privatarum

429 3341 539 3384 rerum
560 3320 701 3383 rationes
724 3340 782 3405 per
803 3321 1015 3405 magistratus
1037 3320 1270 3405 gubernantur.

400 3430 414 3479 1
518 3418 637 3482 Graeci
658 3420 693 3482 in
715 3421 874 3505 quadrato
896 3421 1106 3508 amplissimis
1129 3432 1161 3486 et
1183 3420 1370 3511 duplicibus
1393 3423 1576 3508 porticibus
1597 3449 1608 3493 1

430 3518 502 3582 fora
525 3521 727 3583 constituunt
753 3520 941 3609 crebrisque
963 3522 1121 3588 columnis
1145 3533 1177 3586 et
1198 3522 1337 3610 lapideis
1359 3533 1417 3587 aut
1438 3546 1577 3589 marmo-

501 3781 515 3827 1
539 3779 684 3842 Etiamque
706 3779 776 3832 doe:
804 3779 944 3844 Etiamqui
971 3781 1030 3832 GH.
1059 3776 1071 3847 ll
1100 3783 1199 3847 quique
1222 3783 1244 3832 G
1266 3781 1370 3845 (L0k0):
1398 3782 1521 3847 quinque
1549 3783 1578 3832 H

435 3862 564 3925 (contet).
586 3858 598 3929 ll
617 3862 748 3911 heresim:
760 3863 798 3911 sic
812 3863 869 3912 GH.
886 3860 897 3929 ΙΙ
914 3866 929 3912 2
942 3864 1058 3929 cybicis:
1071 3868 1108 3915 sic
1122 3866 1172 3916 GH
1184 3865 1263 3928 (hle).
1281 3862 1294 3932 ss
1310 3869 1326 3917 3
1339 3865 1411 3929 cybii
1424 3867 1453 3916 H
1465 3865 1578 3930 (-bum

435 3963 483 4029 L):
504 3964 567 4014 cibit
588 3964 609 4014 G
628 3961 680 4028 (lc).
704 3959 717 4029 ll
744 3961 855 4014 CCXVI
876 3965 946 4016 dour
972 3951 1206 4019 OE.&.L.GH.
1230 3962 1242 4033 ΙΙ
1264 3981 1373 4017 versus:
1391 3966 1503 4017 sicGH.
1529 3962 1577 4033 {lb

435 4049 521 4112 cybus
535 4049 585 4098 GH
602 4045 683 4111 (Llc).
701 4043 712 4114 Η
728 4061 826 4113 corpus
839 4063 888 4099 sex
901 4051 963 4102 ιον.
984 4051 1019 4114 (c.
1035 4066 1068 4100 ex
1081 4052 1120 4101 Vl
1132 4051 1199 4114 ed.):
1220 4066 1317 4117 corpus
1330 4067 1363 4102 ex
1377 4050 1438 4101 GH.
1454 4046 1466 4118 ΙΙ
1482 4051 1499 4099 6
1516 4066 1577 4117 per·

435 4133 684 4198 quadraturam:
704 4137 782 4183 -tus
802 4133 852 4183 GH
875 4133 953 4199 (Llc).
982 4133 994 4200 ΙΙ
1022 4136 1081 4184 ais
1105 4135 1126 4185 G
1149 4134 1223 4198 (Lc):
1248 4135 1290 4185 his
1313 4136 1342 4184 H
1359 4135 1398 4199 (l).
1421 4130 1434 4201 [l
1462 4137 1495 4185 10
1517 4150 1579 4185 ver·

434 4220 507 4314 alum
526 4251 568 4303 60.
585 4245 597 4317 ΙΙ
613 4253 698 4316 cybus
716 4253 745 4301 H
763 4250 857 4327 (6⁶tc):
878 4252 956 4302 cibus
975 4216 1066 4315 (cibus
1086 4251 1131 4315 60)
1153 4253 1239 4316 H(L).
1255 4250 1268 4319 ll
1285 4256 1316 4303 12
1330 4253 1430 4303 ecboro
1449 4254 1477 4304 H
1495 4252 1577 4316 (Μ.

437 4369 532 4420 cthoro
551 4371 572 4427 l,
595 4367 685 4422 &horo
705 4369 760 4433 old:
785 4375 812 4421 et
833 4369 942 4422 horoG
965 4341 1008 4435 (et⁰
1028 4370 1094 4420 horo
1118 4369 1175 4435 6⁶).
1196 4367 1208 4437 ΙΙ
1232 4372 1263 4422 13
1286 4372 1385 4434 cybica
1403 4371 1431 4420 H
1454 4370 1577 4434 (ochran

438 4485 527 4535 cibica
547 4486 575 4540 G.
596 4483 608 4552 Ι]
632 4490 664 4537 14
680 4477 778 4553 lirant
796 4489 838 4540 60.
862 4484 875 4557 [J
899 4491 1151 4542 actorumed.F1.:
1172 4494 1314 4539 auctorum
1333 4489 1391 4539 GH.
1415 4485 1427 4557 ΙΙ
1453 4460 1578 4561 prosilia-

439 4586 527 4634 trones
546 4586 588 4636 00.
611 4582 623 4652 ll
647 4590 679 4637 1⁷
697 4577 751 4655 quii
770 4590 812 4643 Ge.
835 4587 847 4656 ΙΙ
871 4592 903 4641 18
925 4590 1056 4640 brevibus
1080 4590 1134 4639 GH·
1154 4588 1202 4654 (β,
1226 4590 1348 4640 breviter
1365 4589 1408 4654 ch.
1436 4585 1449 4657 ΙΙ
1478 4593 1509 4641 21
1530 4590 1579 4641 sed

440 4679 569 4733 eoorpore
589 4670 610 4718 (ι’
628 4671 712 4735 (nott),
730 4672 928 4739 sedaecorpore
948 4674 975 4723 H
994 4672 1069 4735 (sede
1088 4688 1201 4738 corpore
1219 4677 1243 4725 lc
1260 4681 1287 4725 et
1303 4682 1363 4725 ante
1380 4690 1450 4727 corr.
1469 4674 1515 4738 L).
