3984 5825
492 655 555 719 262
983 668 1142 716 v1runv11

493 827 582 888 ciunt
603 845 698 887 nares
721 825 755 886 in
777 821 918 885 canales.
955 843 999 885 ex
1020 820 1187 884 canalibus
1208 830 1323 885 antem
1347 841 1469 883 canon
1494 815 1600 880 habet
1621 838 1663 880 or·

492 927 606 990 dinata
627 928 661 988 in
682 934 869 989 transverso
884 923 1045 987 foramina
1060 923 1293 1010 respondentia
1308 921 1462 985 naribus
1483 941 1575 1005 quac
1597 935 1663 983 sunt

493 1030 528 1094 in
549 1027 662 1093 tabula
689 1048 829 1106 summa,
859 1047 942 1111 quae
969 1025 1082 1089 tabula
1111 1048 1227 1110 graece
1249 1024 1356 1101 πιναξ
1385 1021 1539 1086 dicitur.
1586 1022 1663 1085 iuter

493 1128 637 1194 tabulam
660 1138 693 1191 et
715 1150 838 1191 canona
859 1127 993 1210 regulae
1016 1137 1092 1191 sunt
1114 1129 1330 1215 interpositae
1353 1125 1406 1189 ad
1432 1121 1591 1187 eundem
1606 1145 1663 1186 mo·

461 1231 573 1295 edum
596 1231 720 1295 foratae
743 1238 775 1292 et
797 1227 867 1292 oleo
890 1227 1045 1292 subactae
1068 1239 1104 1293 ut
1127 1228 1269 1293 faciliter
1291 1226 1521 1316 inpellantur
1545 1234 1581 1288 et
1602 1247 1664 1288 rnr-

496 1356 552 1397 sus
575 1334 737 1395 introrsus
760 1330 968 1412 reducantur,
993 1352 1077 1416 quae
1099 1330 1252 1394 obturant
1267 1351 1307 1392 ea
1323 1328 1512 1393 foramina
1536 1324 1664 1413 plinthi-

495 1435 618 1520 desque
649 1431 864 1522 appellantur.
919 1453 1056 1517 quarum
1084 1434 1149 1495 itus
1184 1441 1216 1496 et
1244 1430 1376 1495 reditus
1410 1427 1507 1494 alias
1544 1427 1666 1493 obturat

495 1535 576 1599 alias
598 1536 704 1621 aperit
727 1533 974 1598 terebrationcs.
1025 1534 1105 1597 haec
1133 1532 1265 1618 regulae
1292 1532 1431 1596 habent
1456 1531 1580 1594 ferrea
1602 1531 1690 1595 cho-r

494 1636 680 1722 regia-fixa
708 1646 740 1700 ct
769 1637 879 1699 iuncta
906 1657 980 1699 cum
1008 1637 1134 1722 pinnis,
1169 1658 1307 1722 quarum
1335 1635 1538 1723 pinnarum
1570 1643 1668 1697 tactus

448 1740 653 1805 remotiones
677 1738 777 1801 efficit
799 1736 986 1822 regularum
1015 1739 1232 1800 continenter.¹
1272 1759 1379 1823 supra
1410 1735 1564 1801 tabulae
1592 1734 1667 1799 fors-

495 1841 594 1923 mina,
619 1862 683 1926 qua
705 1862 747 1903 cx
770 1838 939 1903 canalibus
961 1839 1084 1903 habent
1100 1861 1267 1923 egressum
1284 1840 1449 1926 spiritus,
1477 1847 1566 1902 sunt
1588 1837 1667 1901 anuli

496 1941 704 2027 adglutinati,
729 1942 847 2027 quibus
870 1940 1015 2026 lingulae
1038 1942 1181 2005 omnium
1203 1938 1429 2004 includrmtur
1453 1961 1667 2025 organorum

497 2065 514 2107 e
535 2042 686 2108 modiolis
709 2053 817 2107 autern
832 2042 961 2107 fistulae
976 2053 1052 2106 sunt
1075 2044 1276 2108 continentes
1292 2043 1511 2107 coniunctae
1537 2044 1668 2129 pnigeos

498 2145 682 2209 cervicibus
705 2146 971 2231 pertinentesque
999 2144 1042 2207 ad
1063 2166 1157 2208 nares
1186 2166 1268 2232 quae
1296 2152 1379 2207 sunt
1404 2145 1445 2207 in
1469 2141 1606 2208 arcula.
1640 2145 1668 2207 in

449 2265 480 2313 15
499 2245 618 2334 quibus
641 2267 731 2309 asses
755 2256 831 2309 sunt
854 2268 896 2309 cx
917 2257 1012 2310 torno
1034 2247 1161 2310 subacti
1185 2255 1218 2310 et
1232 2245 1280 2310 ibi
1296 2244 1489 2328 conlocati,
1518 2245 1669 2331 quicum

497 2349 614 2432 recipit
641 2345 752 2410 arcula
779 2347 941 2429 jammam,
977 2349 1130 2434 spiritum
1162 2371 1227 2412 non
1260 2348 1441 2435 patientur
1473 2347 1669 2412 obturantes

499 2448 660 2512 foramina
681 2470 794 2512 rursus
817 2447 934 2511 redire.
979 2451 1026 2513 ita
1049 2471 1121 2512 eum
1137 2458 1247 2513 vectes
1268 2447 1506 2531 extolluntur,
1532 2466 1694 2514 anconess

499 2549 664 2613 deducunt
686 2549 805 2614 fundos
827 2547 1042 2613 modiolorum
1064 2550 1106 2613 ad
1129 2552 1230 2614 imum
1253 2549 1486 2637 delphinique
1514 2553 1578 2638 qui
1601 2561 1669 2616 sunt

499 2653 532 2716 in
555 2649 723 2715 verticulis
746 2650 883 2734 inclusi,
913 2652 1057 2716 calantes
1079 2654 1114 2715 in
1137 2675 1191 2716 eos
1215 2651 1386 2738 cymbala,
1420 2674 1510 2716 aere
1535 2652 1670 2739 implent

448 2773 481 2820 ee
499 2754 605 2839 spatia
633 2752 864 2835 modiolorum,
892 2764 990 2841 atquc
1019 2776 1160 2820 ancones
1189 2753 1386 2818 extollentes
1419 2752 1560 2818 fundos
1590 2756 1671 2819 intra

499 2854 657 2920 modiolos
681 2855 867 2920 vehementi
888 2855 1002 2943 pulsus
1026 2855 1201 2921 crebritate
1224 2865 1256 2920 et
1270 2854 1477 2921 obturantes
1506 2856 1671 2923 foramina

499 2955 658 3044 cymbalis
688 2960 872 3044 superiora,
902 2981 978 3021 aera
1006 2960 1063 3045 qui
1092 2969 1142 3023 est
1168 2958 1218 3021 ibi
1245 2957 1393 3022 inclusus
1426 2959 1670 3045 pressionibus

500 3070 647 3125 coactum
669 3060 704 3122 in
725 3059 853 3124 fistulas
876 3070 1008 3144 cogunt,
1037 3082 1096 3146 per
1119 3082 1198 3146 quas
1221 3061 1256 3123 in
1277 3060 1404 3145 pnigea
1430 3063 1619 3125 concurrit
1641 3071 1670 3125 et

499 3182 557 3249 per
579 3162 648 3224 cius
672 3163 813 3225 cervices
836 3162 871 3224 in
893 3182 1012 3224 arcam.
1053 3163 1194 3225 motione
1216 3182 1294 3225 vero
1310 3161 1467 3225 vectium
1486 3162 1670 3228 vehemen-

448 3280 482 3328 25
499 3264 581 3327 tiore
609 3264 743 3349 spiritus
776 3263 929 3349 frequens
964 3285 1166 3350 compressus
1201 3264 1459 3350 epistomiorum
1501 3268 1672 3352 aperturis
1745 3323 1750 3344 ‚

499 3363 606 3427 influit
629 3373 661 3427 et
682 3364 786 3451 replet
808 3366 917 3428 anima
940 3363 1081 3429 canales.
1122 3367 1232 3449 itaque
1256 3387 1328 3428 cum
1351 3364 1486 3449 pinnae
1513 3368 1697 3432 manibuse

499 3472 606 3527 tactae
635 3465 820 3552 propellunt
855 3476 886 3531 et
919 3466 1079 3531 reducunt
1109 3467 1311 3530 continenter
1344 3463 1489 3549 regulas
1533 3467 1672 3533 alternis

501 3653 728 3664 ———

569 3775 584 3822 3
603 3772 686 3835 pinax
706 3772 764 3826 GH.
786 3769 798 3839 Η
822 3776 838 3823 4
857 3778 885 3825 et
902 3776 972 3825 Joc:
994 3791 1027 3825 ex
1047 3775 1105 3826 GH.
1122 3770 1134 3841 ΙΙ
1150 3777 1166 3824 5
1185 3770 1414 3839 11111111111611111112
1431 3781 1502 3827 ante
1524 3794 1603 3832 corr.
1625 3780 1676 3846 (qui

501 3875 561 3923 edd.
580 3857 621 3936 lit)
642 3875 671 3924 G.
688 3870 699 3939 l)
717 3877 732 3924 8
746 3876 835 3939 aperit
846 3877 903 3930 ιῙοο,
919 3872 963 3939 (cs.
976 3893 999 3925 v.
1012 3880 1025 3925 1
1037 3894 1062 3940 p.
1074 3876 1155 3941 req.):
1169 3877 1259 3942 operit
1273 3875 1330 3925 GH.
1343 3870 1356 3942 ΙΙ
1367 3874 1446 3926 haec
1464 3878 1496 3927 H
1512 3877 1610 3946 (Llc):
1623 3882 1675 3932 hae

503 3958 531 4008 G.
554 3954 566 4025 l)
590 3961 622 4009 10
641 3960 814 4009 continenter
832 3976 890 4025 eyoz
909 3965 987 4009 -tur
1006 3958 1091 4023 (-t²)
1112 3962 1170 4013 GH.
1196 3959 1208 4025 ΙΙ
1229 3959 1341 4010 tabulae
1360 3976 1423 4025 epo:
1448 3962 1554 4015 -lam
1578 3967 1640 4021 GH.
1661 3965 1673 4029 2)

502 4046 531 4092 11
552 4058 607 4106 qna
626 4044 710 4097 Mun:
731 4058 801 4108 quae
820 4044 882 4111 (quq
897 4044 928 4107 G)
950 4044 1008 4097 GH.
1025 4040 1037 4108 l)
1054 4046 1167 4109 spiritus
1185 4050 1249 4095 suut
1267 4043 1334 4109 (sps.
1352 4049 1419 4094 sunt
1441 4046 1493 4109 G):
1517 4053 1563 4101 sic
1585 4051 1647 4103 GH.
1662 4051 1673 4112 i)

502 4130 532 4176 13
552 4128 680 4193 coniunte
701 4127 730 4180 G.
755 4125 767 4195 ΙΙ
789 4130 905 4194 pnigeos
924 4128 1041 4191 (Turn.):
1062 4128 1162 4193 ligneis
1182 4131 1240 4179 GH.
1265 4125 1277 4195 l)
1301 4131 1332 4179 14
1351 4129 1518 4183 cirvicibus
1540 4136 1579 4185 H
1589 4136 1647 4199 (L).
1663 4135 1674 4201 i)

503 4211 533 4259 16
551 4212 694 4274 patientur
716 4215 769 4265 ert:
793 4211 994 4279 patiebamur
1014 4214 1072 4264 GH.
1097 4210 1109 4279 Η
1135 4215 1164 4263 18
1183 4213 1411 4264 deducentes:
1440 4217 1576 4269 —cunt‘l
1601 4219 1673 4285 (-t²

502 4293 533 4358 G)
555 4294 612 4345 GH.
636 4292 648 4360 11
670 4299 701 4346 19
720 4299 846 4347 celantes
864 4297 895 4346 H
911 4295 993 4364 (Lep
1018 4299 1160 4349 calcantes
1181 4299 1202 4349 G
1225 4296 1370 4364 (celante
1393 4315 1470 4352 corr.
1492 4301 1531 4367 l).
1559 4302 1574 4372 Η
1601 4323 1676 4370 cym-

500 4379 575 4440 bala,
595 4395 658 4429 aere
677 4381 793 4446 implent
810 4383 895 4432 Rode:
924 4383 1090 4447 cymbaliare
1110 4382 1224 4447 implent
1248 4383 1307 4434 GH.
1332 4378 1344 4449 ΙΙ
1368 4385 1399 4433 21
1420 4385 1594 4440 modiolos:
1621 4408 1677 4442 mo·

502 4462 591 4512 diolus
609 4471 668 4514 ante
686 4482 754 4515 corr.
773 4468 804 4516 H
820 4464 899 4530 (-lis
918 4466 967 4529 cle).
992 4464 1004 4534 Η
1027 4469 1121 4532 pulsos
1139 4475 1198 4518 ante
1215 4484 1284 4518 corr.
1308 4469 1345 4517 H.
1370 4463 1382 4534 ΙΙ
1408 4470 1445 4518 22
1472 4472 1520 4521 ibi
1542 4476 1675 4526 inclusus

501 4562 560 4610 eye:
581 4546 619 4596 ibi
637 4547 729 4599 clusus
750 4552 808 4604 GH.
828 4547 839 4616 ΙΙ
860 4552 939 4601 23111
959 4552 1061 4616 pnigea
1078 4552 1168 4602 Tura:
1186 4552 1311 4617 inlignea
1331 4552 1390 4603 GH.
1411 4549 1425 4618 ΙΙ
1453 4556 1490 4605 24
1512 4559 1676 4611 vehemen-

501 4632 572 4717 tiore
591 4634 661 4686 Joc:
685 4649 761 4685 -res
782 4636 839 4686 GH.
864 4631 876 4700 l)
898 4638 930 4685 25
955 4638 1161 4701 epistomiorum
1185 4638 1255 4688 dec:
1279 4637 1468 4703 epitoniorum
1496 4642 1566 4697 GH.
1597 4641 1612 4711 1)
1643 4646 1676 4695 26

504 4715 597 4764 anima
615 4717 686 4768 Joc:
707 4720 816 4768 animae
837 4715 924 4785 (-mq
944 4720 975 4783 G)
997 4721 1056 4774 GH.
