3984 5825
398 690 441 751 46
893 704 1052 751 vrrnuvn

399 856 520 919 habent
554 842 586 919 ct
620 867 744 920 statuas
779 854 903 942 amplas
938 856 1042 919 factas
1072 856 1203 940 egregie
1231 865 1263 919 et
1291 858 1418 919 minora
1441 854 1555 940 sigilla

397 958 558 1042 floresque
581 968 612 1020 et
634 959 789 1021 acanthos
813 955 978 1040 eleganter
1001 956 1153 1042 scalptos
1204 979 1382 1042 quaecum
1406 958 1474 1020 sint
1497 979 1553 1018 re-

396 1068 495 1140 tusta‚
520 1061 568 1122 sic
582 1069 741 1146 apparent
763 1060 906 1120 recentia
927 1059 976 1120 uti
999 1058 1028 1120 si
1051 1058 1117 1121 sint
1139 1058 1235 1122 modo
1257 1058 1355 1121 facta.
1401 1081 1469 1121 non
1491 1059 1553 1120 mi-

397 1182 457 1222 nus
492 1161 590 1222 etiam
624 1160 709 1222 fabri
742 1161 860 1222 aerarii
890 1158 931 1220 de
959 1159 1010 1221 his
1038 1158 1226 1244 lapidicinis
1256 1160 1291 1222 in
1317 1161 1404 1222 aeris
1432 1160 1554 1223 flatura

364 1260 511 1325 aformis
535 1263 730 1346 comparatis
752 1259 946 1345 habentex
968 1260 996 1322 is
1019 1260 1062 1322 ad
1084 1282 1139 1324 aes
1162 1260 1365 1324 fundendum
1387 1263 1554 1324 maximas

396 1359 568 1424 utilitates.
615 1363 742 1447 quaesi
765 1383 866 1448 prope
887 1360 1003 1424 urbem
1026 1372 1150 1443 essent,
1179 1362 1315 1446 dignum
1332 1371 1426 1425 esset
1449 1373 1487 1427 ut
1510 1385 1553 1426 ex

397 1461 448 1524 his
482 1461 623 1525 officinis
659 1463 768 1525 omnia
801 1484 899 1548 opera
922 1461 1164 1548 perficerentur.
1215 1485 1290 1527 cum
1313 1485 1391 1547 ergo
1414 1473 1587 1550 proptera

396 1565 674 1650 propinquitatem
696 1567 874 1628 necessitas
898 1573 993 1647 cogat
1016 1585 1057 1627 ex
1072 1563 1193 1627 Rubris
1215 1563 1402 1651 lapidicinis
1427 1575 1460 1628 et
1476 1565 1553 1628 Pal-

396 1664 542 1729 lensibus
572 1674 604 1727 et
632 1688 715 1752 quae
738 1677 813 1731 sunt
834 1664 910 1729 urbi
932 1666 1101 1751 proximae
1123 1666 1226 1751 copiis
1254 1666 1318 1747 uti,
1348 1666 1377 1727 si
1406 1667 1463 1751 qui
1493 1688 1552 1730 vo-

348 1786 378 1832 to
397 1765 495 1830 luerit
510 1768 581 1831 sinc
596 1768 687 1831 vitiis
711 1766 866 1853 perficere
873 1816 882 1847 ,
906 1767 952 1829 ita
967 1767 1029 1828 erit
1050 1765 1320 1852 praeparandum.
1359 1788 1434 1829 cum
1456 1766 1551 1830 aedi·

397 1867 563 1931 licendum
595 1869 713 1951 fuerit,
746 1878 824 1932 ante
856 1867 1026 1932 biennium
1059 1890 1097 1930 ea
1129 1889 1209 1930 saxa
1241 1889 1306 1930 non
1346 1867 1455 1931 hieme
1491 1869 1552 1932 sed

395 1978 520 2035 aestate
536 1971 736 2053 eximantur,
761 1980 793 2034 et
807 1971 948 2034 iacentia
963 1977 1172 2055 permaneant
1187 1969 1222 2031 in
1244 1966 1323 2030 locis
1346 1969 1551 2054 patentibus.

396 2093 479 2157 quan
494 2081 603 2135 autem
620 2094 657 2137 eo
673 2071 806 2138 biennio
821 2093 841 2133 a
863 2068 1112 2155 tempestatibus
1134 2078 1223 2132 tacta
1245 2068 1333 2132 laesa
1348 2069 1486 2153 fuerint,
1513 2092 1553 2133 ea

395 2173 430 2236 in
445 2172 658 2238 fundamenta
679 2174 868 2237 coiciantur.
913 2180 1021 2235 cetera
1043 2192 1125 2261 quae
1146 2193 1212 2234 non
1234 2181 1329 2235 erunt
1351 2172 1483 2254 vitiata,
1507 2173 1551 2235 ab

348 2291 377 2340 tt
395 2284 510 2338 natura
536 2296 643 2340 rorum
671 2275 809 2360 probata
837 2273 954 2336 durare
982 2280 1134 2358 poterunt
1161 2293 1260 2358 supra
1287 2282 1411 2335 terram
1433 2273 1550 2336 aedifi-

396 2385 478 2440 cata.
523 2398 582 2441 nec
611 2375 714 2441 solum
743 2377 837 2439 eain
861 2374 1028 2460 quadratis
1051 2372 1215 2459 lapidibus
1239 2384 1314 2436 sunt
1337 2373 1552 2441 observanda

395 2478 451 2540 scd
476 2479 584 2542 (stiram.
596 2479 630 2542 in
653 2477 873 2541 caementiciis
896 2475 1079 2540 structuris.

310 2587 374 2636 vl11
480 2579 723 2658 Structurarum
750 2599 870 2663 genera
897 2585 973 2640 sunt
1001 2575 1096 2657 haec,
1130 2575 1337 2639 reticulatum
1366 2598 1431 2661 quo
1459 2569 1585 2640 nune1

394 2702 504 2743 omnes
526 2690 679 2763 utuntur,
709 2691 740 2744 et
762 2680 930 2764 antiquum
959 2674 1046 2762 quod
1068 2677 1227 2739 incertum
1250 2677 1380 2740 dicitur.
1428 2699 1471 2739 ex
1495 2679 1549 2741 his

344 2793 377 2839 no
396 2781 565 2844 venustius
595 2792 644 2845 est
671 2778 895 2861 reticulatum,
929 2778 988 2841 sed
1009 2775 1052 2839 ad
1074 2778 1173 2840 rimas
1195 2776 1362 2841 faciendas
1388 2777 1463 2842 ideo
1488 2801 1548 2863 pa-

394 2878 500 2945 ratuni
538 2882 624 2967 quod
664 2884 696 2947 in
730 2903 841 2947 omncs
879 2889 988 2968 partes
1026 2876 1186 2941 dissoluta
1218 2877 1318 2943 habet
1350 2877 1474 2943 cubilia
1514 2864 1553 2943 el

394 2993 597 3066 coagmenta.
642 2985 766 3047 incerta
796 3005 874 3046 vero
902 2990 1069 3046 caementa
1095 2978 1160 3041 alia
1187 3002 1285 3065 snper
1306 2979 1372 3043 alia
1393 2981 1548 3044 sedentia

394 3086 479 3147 inter
506 3105 606 3169 seque
635 3083 807 3145 imbricata
839 3106 903 3147 non
933 3083 1113 3167 speciosam
1148 3079 1206 3143 sed
1241 3081 1416 3145 firmiorem
1446 3104 1548 3167 quam

393 3181 565 3246 reticulata
586 3192 753 3267 praestant
776 3191 980 3246 structuram.
1026 3192 1162 3267 utraque
1189 3192 1298 3245 autem
1327 3203 1369 3245 ex
1390 3183 1546 3245 minutis·
1566 3194 1603 3241 2.

344 3295 377 3342 25
396 3284 487 3345 simis
518 3292 593 3345 sunt
616 3280 824 3361 instruenda,
853 3281 901 3343 uti
924 3284 1059 3344 materia
1088 3304 1129 3344 ex
1158 3281 1245 3345 calce
1274 3292 1306 3345 et
1328 3283 1451 3346 harena
1475 3306 1545 3347 cre-

394 3382 498 3444 briter
525 3382 666 3466 parietes
695 3382 806 3444 satiati
835 3381 958 3445 diutius
991 3384 1227 3445 contineantur.
1270 3381 1361 3445 molli
1393 3386 1483 3446 enim
1513 3394 1546 3447 et

393 3502 467 3542 rara
488 3489 649 3565 potestate
672 3503 744 3544 cum
767 3483 843 3562 sint,
868 3484 1035 3577 exsiccant
1058 3484 1204 3567 sugendo
1227 3504 1244 3544 e
1263 3485 1400 3547 materia
1415 3507 1544 3548 sucum.

395 3602 468 3642 cum
496 3590 604 3643 autem
633 3582 794 3666 superarit
821 3592 853 3646 et
880 3583 1057 3646 abundarit
1085 3584 1177 3668 copia
1206 3581 1303 3647 calcis
1332 3594 1364 3648 et
1386 3585 1543 3669 harenae,

393 3682 501 3766 paries
523 3679 596 3766 plus
618 3680 742 3745 habens
764 3683 885 3746 umoris
909 3705 974 3747 non
996 3684 1060 3746 cito
1083 3682 1138 3745 fiet
1161 3683 1331 3765 evanidus,
1354 3685 1413 3748 sed
1429 3689 1472 3750 ab
1489 3688 1543 3752 his

459 3974 475 4021 2
494 3972 629 4021 achantos
649 3970 722 4034 GH),
741 3971 896 4023 schanthos
911 3972 938 4022 H
949 3972 1035 4038 (Led).
1058 3969 1070 4039 ΙΙ
1093 3972 1217 4037 scalptos
1231 3973 1258 4023 H
1271 3972 1392 4039 (Gchtch
1411 3975 1541 4043 sculptos

393 4057 415 4106 G
434 4056 536 4120 (sedin
552 4072 632 4120 many.
653 4055 687 4105 60
704 4057 716 4104 ῑ
734 4056 765 4106 al
776 4056 918 4121 scalptos).
943 4054 955 4124 ΙΙ
978 4061 993 4107 3
1013 4059 1261 4107 sustoniense.
1285 4054 1296 4125 ll
1320 4060 1445 4109 sformis
1465 4077 1541 4111 com-

390 4140 498 4203 paratis
517 4138 572 4202 (f):
592 4140 695 4188 formas
713 4144 881 4204 conparatas
901 4141 922 4190 G
940 4139 1003 4202 (L),
1028 4142 1122 4190 formis
1145 4146 1312 4205 conparatas
1329 4144 1359 4191 H
1377 4140 1433 4209 (lc).
1459 4142 1472 4210 ll
1500 4147 1561 4195 is:¹

390 4223 433 4272 his
460 4223 518 4272 GH.
547 4219 559 4287 ΙΙ
587 4223 621 4272 ad
641 4222 703 4285 else
722 4232 781 4273 ante
799 4223 1035 4286 annuntiandum
1053 4225 1086 4273 L.
1114 4222 1126 4290 ll
1154 4224 1364 4291 8Palleusibus
1388 4227 1482 4291 (supra
1511 4248 1538 4293 p.

391 4310 434 4368 44,
454 4309 488 4354 20
507 4305 583 4367 Gle
602 4307 784 4370 palliensibus
810 4309 867 4357 GH.
891 4304 903 4373 Ι]
931 4307 988 4356 asi
1005 4308 1051 4370 qui
1068 4308 1097 4354 H
1116 4306 1199 4367 (Llc):
1218 4309 1316 4373 siquis
1337 4310 1367 4363 θ.
1391 4307 1403 4377 ll
1429 4314 1461 4362 12
1481 4316 1539 4362 exi·
1574 4374 1577 4377 .

390 4390 511 4439 miantur
533 4398 593 4439 ante
615 4406 683 4443 corr.
702 4391 738 4442 H.
767 4387 779 4454 ΙΙ
808 4393 840 4441 14
863 4391 1009 4439 coutantur
1032 4397 1090 4437 ante
1113 4404 1182 4442 corr.
1207 4392 1381 4456 (eoic‚=H)
1407 4394 1475 4461 Gan
1504 4400 1538 4446 21

390 4472 494 4521 cubilia
512 4474 541 4521 H
560 4471 644 4536 (Llc):
664 4473 792 4522 cubicula
812 4474 840 4525 G.
862 4471 873 4537 ΙΙ
896 4475 929 4521 23
942 4472 1081 4520 iubricata
1098 4472 1127 4519 H
1138 4469 1190 4535 (le).
1213 4471 1225 4538 ll
1248 4474 1367 4525 firmiore
1386 4488 1447 4528 ante
1465 4496 1539 4531 corr.

389 4550 474 4616 (-re)
494 4556 523 4604 G.
548 4552 560 4621 ΙΙ
588 4560 620 4605 25
638 4556 661 4604 dr
679 4556 757 4606 calce
776 4557 808 4605 L.
832 4552 844 4619 ΙΙ
873 4560 901 4605 et
923 4555 1059 4603 inherens
1081 4563 1141 4603 ante
1163 4572 1216 4608 ras.
1241 4558 1271 4608 G.
1295 4554 1307 4623 ΙΙ
1331 4544 1453 4612 crebiter
1476 4572 1539 4614 ante
1625 4542 1629 4548 ι

389 4650 458 4684 corr.
477 4638 513 4685 H.
536 4634 548 4704 ΙΙ
571 4638 603 4687 27
623 4639 749 4703 sugenda
767 4646 826 4688 ante
844 4654 913 4688 corr.
933 4640 962 4688 G.
985 4634 998 4703 ΙῙ
1020 4638 1053 4685 29
1070 4639 1164 4701 paries
1181 4641 1221 4692 ed.
1246 4636 1335 4706 (ree.):
1360 4648 1451 4709 partis
1475 4656 1539 4699 ante

387 4733 456 4768 corr.
477 4719 507 4782 G,
525 4725 618 4783 partes
638 4721 665 4767 H
683 4718 765 4782 (Gcbl
779 4719 798 4783 ).
