<?xml version="1.0" encoding="UTF-8"?>
<!DOCTYPE html PUBLIC "-//W3C//DTD XHTML 1.0 Transitional//EN"
    "http://www.w3.org/TR/xhtml1/DTD/xhtml1-transitional.dtd">
<html xmlns="http://www.w3.org/1999/xhtml" xml:lang="en" lang="en">
 <head>
  <title>
</title>
<meta http-equiv="Content-Type" content="text/html;charset=utf-8" />
  <meta name='ocr-system' content='tesseract 3.04.00' />
  <meta name='ocr-capabilities' content='ocr_page ocr_carea ocr_par ocr_line ocrx_word'/>
</head>
<body>
  <div class='ocr_page' id='page_1' title='image "./vitruviidearchi00strgoog_0285.png"; bbox 0 0 3984 5825; ppageno 0'>
   <div class='ocr_carea' id='block_1_1' title="bbox 422 606 1071 672">
    <p class='ocr_par' dir='ltr' id='par_1_1' title="bbox 422 606 1071 672">
     <span class='ocr_line' id='line_1_1' title="bbox 422 606 1071 672; baseline -0.012 -1"><span class='ocrx_word' id='word_1_1' title='bbox 422 606 486 672; x_wconf 78' lang='lat'>264</span> <span class='ocrx_word' id='word_1_2' title='bbox 850 658 853 662; x_wconf 90' lang='lat'>.</span> <span class='ocrx_word' id='word_1_3' title='bbox 912 618 1071 664; x_wconf 81' lang='lat' dir='ltr'>virnuvu</span> 
     </span>
    </p>
   </div>
   <div class='ocr_carea' id='block_1_2' title="bbox 373 770 1636 3305">
    <p class='ocr_par' dir='ltr' id='par_1_2' title="bbox 374 770 1632 2872">
     <span class='ocr_line' id='line_1_2' title="bbox 423 770 1597 840; baseline -0.006 -1"><span class='ocrx_word' id='word_1_4' title='bbox 423 775 537 840; x_wconf 90' lang='lat' dir='ltr'>eadem</span> <span class='ocrx_word' id='word_1_5' title='bbox 559 774 684 837; x_wconf 86' lang='lat' dir='ltr'>ratione</span> <span class='ocrx_word' id='word_1_6' title='bbox 705 772 875 836; x_wconf 86' lang='lat' dir='ltr'>dentatum</span> <span class='ocrx_word' id='word_1_7' title='bbox 896 770 1060 835; x_wconf 92' lang='lat' dir='ltr'>inclusum</span> <span class='ocrx_word' id='word_1_8' title='bbox 1081 771 1117 834; x_wconf 93' lang='lat' dir='ltr'>in</span> <span class='ocrx_word' id='word_1_9' title='bbox 1137 770 1239 836; x_wconf 87' lang='lat' dir='ltr'>altero</span> <span class='ocrx_word' id='word_1_10' title='bbox 1254 770 1495 836; x_wconf 87' lang='lat' dir='ltr'>loculamento</span> <span class='ocrx_word' id='word_1_11' title='bbox 1522 790 1597 832; x_wconf 90' lang='lat' dir='ltr'>eon-</span> 
     </span>
     <span class='ocr_line' id='line_1_3' title="bbox 422 871 1599 960; baseline -0.004 -19"><span class='ocrx_word' id='word_1_12' title='bbox 422 877 560 957; x_wconf 85' lang='lat' dir='ltr'>locetur,</span> <span class='ocrx_word' id='word_1_13' title='bbox 593 874 862 940; x_wconf 88' lang='lat' dir='ltr'>convenientibus</span> <span class='ocrx_word' id='word_1_14' title='bbox 891 872 1044 938; x_wconf 82' lang='lat' dir='ltr'><strong>dentibus</strong></span> <span class='ocrx_word' id='word_1_15' title='bbox 1080 872 1245 938; x_wconf 80' lang='lat' dir='ltr'>denticulo</span> <span class='ocrx_word' id='word_1_16' title='bbox 1282 874 1342 960; x_wconf 91' lang='lat' dir='ltr'>qui</span> <span class='ocrx_word' id='word_1_17' title='bbox 1381 874 1423 935; x_wconf 92' lang='lat' dir='ltr'>in</span> <span class='ocrx_word' id='word_1_18' title='bbox 1453 871 1599 936; x_wconf 89' lang='lat' dir='ltr'>secundi</span> 
     </span>
     <span class='ocr_line' id='line_1_4' title="bbox 423 973 1599 1068; baseline -0.007 -24"><span class='ocrx_word' id='word_1_19' title='bbox 423 980 571 1068; x_wconf 82' lang='lat' dir='ltr'><strong>tympani</strong></span> <span class='ocrx_word' id='word_1_20' title='bbox 593 977 694 1041; x_wconf 90' lang='lat' dir='ltr'>latere</span> <span class='ocrx_word' id='word_1_21' title='bbox 721 976 820 1042; x_wconf 83' lang='lat' dir='ltr'>fuerit</span> <span class='ocrx_word' id='word_1_22' title='bbox 839 976 937 1057; x_wconf 81' lang='lat' dir='ltr'>fixus,</span> <span class='ocrx_word' id='word_1_23' title='bbox 958 979 993 1041; x_wconf 94' lang='lat' dir='ltr'>in</span> <span class='ocrx_word' id='word_1_24' title='bbox 1017 998 1118 1063; x_wconf 87' lang='lat' dir='ltr'>coque</span> <span class='ocrx_word' id='word_1_25' title='bbox 1138 985 1295 1064; x_wconf 89' lang='lat' dir='ltr'>tympano</span> <span class='ocrx_word' id='word_1_26' title='bbox 1317 974 1503 1039; x_wconf 84' lang='lat' dir='ltr'><strong>foramina</strong></span> <span class='ocrx_word' id='word_1_27' title='bbox 1518 973 1599 1037; x_wconf 84' lang='lat' dir='ltr'>fiant</span> 
     </span>
     <span class='ocr_line' id='line_1_5' title="bbox 424 1075 1600 1168; baseline -0.003 -24"><span class='ocrx_word' id='word_1_28' title='bbox 424 1089 580 1168; x_wconf 89' lang='lat' dir='ltr'>quantum</span> <span class='ocrx_word' id='word_1_29' title='bbox 602 1078 712 1142; x_wconf 88' lang='lat' dir='ltr'>diurni</span> <span class='ocrx_word' id='word_1_30' title='bbox 734 1079 860 1142; x_wconf 88' lang='lat' dir='ltr'>itineris</span> <span class='ocrx_word' id='word_1_31' title='bbox 884 1077 1098 1143; x_wconf 84' lang='lat' dir='ltr'>miliariorum</span> <span class='ocrx_word' id='word_1_32' title='bbox 1112 1100 1245 1143; x_wconf 88' lang='lat' dir='ltr'>numero</span> <span class='ocrx_word' id='word_1_33' title='bbox 1267 1100 1346 1142; x_wconf 92' lang='lat' dir='ltr'>cum</span> <span class='ocrx_word' id='word_1_34' title='bbox 1372 1075 1467 1140; x_wconf 85' lang='lat' dir='ltr'>reda</span> <span class='ocrx_word' id='word_1_35' title='bbox 1491 1078 1600 1164; x_wconf 83' lang='lat' dir='ltr'>possit</span> 
     </span>
     <span class='ocr_line' id='line_1_6' title="bbox 389 1178 1599 1267; baseline -0.005 -19"><span class='ocrx_word' id='word_1_36' title='bbox 389 1183 517 1249; x_wconf 74' lang='lat' dir='ltr'>sexiri.</span> <span class='ocrx_word' id='word_1_37' title='bbox 562 1183 668 1245; x_wconf 90' lang='lat' dir='ltr'>minus</span> <span class='ocrx_word' id='word_1_38' title='bbox 690 1179 806 1266; x_wconf 85' lang='lat' dir='ltr'>plusve</span> <span class='ocrx_word' id='word_1_39' title='bbox 827 1201 897 1242; x_wconf 90' lang='lat' dir='ltr'>rem</span> <span class='ocrx_word' id='word_1_40' title='bbox 918 1178 1002 1244; x_wconf 94' lang='lat' dir='ltr'>nihil</span> <span class='ocrx_word' id='word_1_41' title='bbox 1023 1180 1161 1267; x_wconf 87' lang='lat' dir='ltr'>inpedit.</span> <span class='ocrx_word' id='word_1_42' title='bbox 1206 1190 1238 1244; x_wconf 92' lang='lat' dir='ltr'>et</span> <span class='ocrx_word' id='word_1_43' title='bbox 1266 1181 1303 1244; x_wconf 91' lang='lat' dir='ltr'>in</span> <span class='ocrx_word' id='word_1_44' title='bbox 1331 1179 1392 1244; x_wconf 89' lang='lat' dir='ltr'>his</span> <span class='ocrx_word' id='word_1_45' title='bbox 1418 1179 1599 1243; x_wconf 81' lang='lat' dir='ltr'>foramini-</span> 
     </span>
     <span class='ocr_line' id='line_1_7' title="bbox 423 1280 1601 1370; baseline -0.004 -20"><span class='ocrx_word' id='word_1_46' title='bbox 423 1286 486 1350; x_wconf 90' lang='lat' dir='ltr'>bus</span> <span class='ocrx_word' id='word_1_47' title='bbox 509 1283 658 1348; x_wconf 92' lang='lat' dir='ltr'>omnibus</span> <span class='ocrx_word' id='word_1_48' title='bbox 682 1280 799 1346; x_wconf 90' lang='lat' dir='ltr'>calculi</span> <span class='ocrx_word' id='word_1_49' title='bbox 819 1281 952 1346; x_wconf 87' lang='lat' dir='ltr'>rotundi</span> <span class='ocrx_word' id='word_1_50' title='bbox 975 1281 1194 1364; x_wconf 83' lang='lat' dir='ltr'>conlocentur,</span> <span class='ocrx_word' id='word_1_51' title='bbox 1217 1283 1320 1370; x_wconf 88' lang='lat' dir='ltr'>inque</span> <span class='ocrx_word' id='word_1_52' title='bbox 1337 1283 1421 1345; x_wconf 90' lang='lat' dir='ltr'>eius</span> <span class='ocrx_word' id='word_1_53' title='bbox 1438 1283 1601 1368; x_wconf 82' lang='lat' dir='ltr'>tympani</span> 
     </span>
     <span class='ocr_line' id='line_1_8' title="bbox 423 1381 1602 1451; baseline -0.003 0"><span class='ocrx_word' id='word_1_54' title='bbox 423 1387 518 1451; x_wconf 88' lang='lat' dir='ltr'>theca</span> <span class='ocrx_word' id='word_1_55' title='bbox 540 1386 611 1450; x_wconf 89' lang='lat' dir='ltr'>sive</span> <span class='ocrx_word' id='word_1_56' title='bbox 638 1383 672 1447; x_wconf 91' lang='lat' dir='ltr'>id</span> <span class='ocrx_word' id='word_1_57' title='bbox 701 1382 952 1448; x_wconf 81' lang='lat' dir='ltr'>loculamentum</span> <span class='ocrx_word' id='word_1_58' title='bbox 981 1394 1031 1448; x_wconf 89' lang='lat' dir='ltr'>est</span> <span class='ocrx_word' id='word_1_59' title='bbox 1059 1383 1116 1448; x_wconf 91' lang='lat' dir='ltr'>fiat</span> <span class='ocrx_word' id='word_1_60' title='bbox 1143 1383 1291 1448; x_wconf 89' lang='lat' dir='ltr'>foramen</span> <span class='ocrx_word' id='word_1_61' title='bbox 1319 1406 1438 1448; x_wconf 88' lang='lat' dir='ltr'>unum</span> <span class='ocrx_word' id='word_1_62' title='bbox 1468 1381 1602 1448; x_wconf 90' lang='lat' dir='ltr'>habens</span> 
     </span>
     <span class='ocr_line' id='line_1_9' title="bbox 424 1483 1601 1574; baseline -0.003 -23"><span class='ocrx_word' id='word_1_63' title='bbox 424 1485 648 1565; x_wconf 86' lang='lat' dir='ltr'>canaliculum,</span> <span class='ocrx_word' id='word_1_64' title='bbox 673 1507 736 1571; x_wconf 92' lang='lat' dir='ltr'>qua</span> <span class='ocrx_word' id='word_1_65' title='bbox 759 1483 874 1549; x_wconf 87' lang='lat' dir='ltr'>calculi</span> <span class='ocrx_word' id='word_1_66' title='bbox 904 1487 1017 1571; x_wconf 90' lang='lat' dir='ltr'>quiin</span> <span class='ocrx_word' id='word_1_67' title='bbox 1040 1507 1077 1549; x_wconf 91' lang='lat' dir='ltr'>eo</span> <span class='ocrx_word' id='word_1_68' title='bbox 1099 1495 1254 1573; x_wconf 89' lang='lat' dir='ltr'>tympano</span> <span class='ocrx_word' id='word_1_69' title='bbox 1276 1487 1431 1574; x_wconf 85' lang='lat' dir='ltr'>inpositi</span> <span class='ocrx_word' id='word_1_70' title='bbox 1457 1484 1601 1566; x_wconf 86' lang='lat' dir='ltr'>fuerint,</span> 
     </span>
     <span class='ocr_line' id='line_1_10' title="bbox 424 1585 1601 1674; baseline -0.003 -21"><span class='ocrx_word' id='word_1_71' title='bbox 424 1612 497 1653; x_wconf 92' lang='lat' dir='ltr'>cum</span> <span class='ocrx_word' id='word_1_72' title='bbox 518 1589 561 1652; x_wconf 90' lang='lat' dir='ltr'>ad</span> <span class='ocrx_word' id='word_1_73' title='bbox 584 1609 657 1650; x_wconf 91' lang='lat' dir='ltr'>eum</span> <span class='ocrx_word' id='word_1_74' title='bbox 672 1585 779 1651; x_wconf 90' lang='lat' dir='ltr'>locum</span> <span class='ocrx_word' id='word_1_75' title='bbox 794 1589 955 1670; x_wconf 90' lang='lat' dir='ltr'>venerint,</span> <span class='ocrx_word' id='word_1_76' title='bbox 978 1588 1014 1650; x_wconf 91' lang='lat' dir='ltr'>in</span> <span class='ocrx_word' id='word_1_77' title='bbox 1028 1588 1127 1651; x_wconf 88' lang='lat' dir='ltr'>redae</span> <span class='ocrx_word' id='word_1_78' title='bbox 1142 1610 1276 1674; x_wconf 90' lang='lat' dir='ltr'>capsum</span> <span class='ocrx_word' id='word_1_79' title='bbox 1301 1599 1336 1653; x_wconf 88' lang='lat' dir='ltr'>et</span> <span class='ocrx_word' id='word_1_80' title='bbox 1363 1610 1433 1652; x_wconf 89' lang='lat' dir='ltr'>vas</span> <span class='ocrx_word' id='word_1_81' title='bbox 1452 1609 1601 1651; x_wconf 88' lang='lat' dir='ltr'>aeneum</span> 
     </span>
     <span class='ocr_line' id='line_1_11' title="bbox 376 1688 1632 1778; baseline -0.006 -23"><span class='ocrx_word' id='word_1_82' title='bbox 376 1708 406 1756; x_wconf 88' lang='lat'>10</span> <span class='ocrx_word' id='word_1_83' title='bbox 424 1692 511 1778; x_wconf 91' lang='lat' dir='ltr'>quod</span> <span class='ocrx_word' id='word_1_84' title='bbox 538 1691 599 1753; x_wconf 91' lang='lat' dir='ltr'>erit</span> <span class='ocrx_word' id='word_1_85' title='bbox 627 1690 832 1775; x_wconf 89' lang='lat' dir='ltr'>suppositum</span> <span class='ocrx_word' id='word_1_86' title='bbox 860 1688 981 1774; x_wconf 83' lang='lat' dir='ltr'>singuli</span> <span class='ocrx_word' id='word_1_87' title='bbox 1004 1690 1121 1753; x_wconf 87' lang='lat' dir='ltr'>cadere</span> <span class='ocrx_word' id='word_1_88' title='bbox 1146 1692 1285 1777; x_wconf 89' lang='lat' dir='ltr'>possint.</span> <span class='ocrx_word' id='word_1_89' title='bbox 1331 1692 1388 1755; x_wconf 87' lang='lat' dir='ltr'>ita</span> <span class='ocrx_word' id='word_1_90' title='bbox 1421 1711 1508 1753; x_wconf 91' lang='lat' dir='ltr'>cum</span> <span class='ocrx_word' id='word_1_91' title='bbox 1531 1700 1632 1754; x_wconf 74' lang='lat' dir='ltr'>rotat</span> 
     </span>
     <span class='ocr_line' id='line_1_12' title="bbox 424 1790 1604 1882; baseline -0.001 -25"><span class='ocrx_word' id='word_1_92' title='bbox 424 1793 636 1882; x_wconf 83' lang='lat' dir='ltr'>progrediens</span> <span class='ocrx_word' id='word_1_93' title='bbox 660 1812 770 1854; x_wconf 88' lang='lat' dir='ltr'>secum</span> <span class='ocrx_word' id='word_1_94' title='bbox 791 1800 868 1875; x_wconf 85' lang='lat' dir='ltr'>agat</span> <span class='ocrx_word' id='word_1_95' title='bbox 890 1800 1083 1878; x_wconf 87' lang='lat' dir='ltr'>tympanum</span> <span class='ocrx_word' id='word_1_96' title='bbox 1104 1793 1206 1855; x_wconf 92' lang='lat' dir='ltr'>imum</span> <span class='ocrx_word' id='word_1_97' title='bbox 1228 1802 1260 1856; x_wconf 91' lang='lat' dir='ltr'>et</span> <span class='ocrx_word' id='word_1_98' title='bbox 1275 1790 1506 1856; x_wconf 85' lang='lat' dir='ltr'>denticulum</span> <span class='ocrx_word' id='word_1_99' title='bbox 1533 1793 1604 1856; x_wconf 90' lang='lat' dir='ltr'>eius</span> 
     </span>
     <span class='ocr_line' id='line_1_13' title="bbox 424 1891 1605 1982; baseline -0.001 -22"><span class='ocrx_word' id='word_1_100' title='bbox 424 1893 563 1979; x_wconf 82' lang='lat' dir='ltr'>singulis</span> <span class='ocrx_word' id='word_1_101' title='bbox 585 1891 827 1957; x_wconf 85' lang='lat' dir='ltr'>versationibus</span> <span class='ocrx_word' id='word_1_102' title='bbox 850 1895 999 1979; x_wconf 87' lang='lat' dir='ltr'>tympani</span> <span class='ocrx_word' id='word_1_103' title='bbox 1027 1895 1204 1981; x_wconf 87' lang='lat' dir='ltr'>superioris</span> <span class='ocrx_word' id='word_1_104' title='bbox 1234 1893 1434 1958; x_wconf 82' lang='lat' dir='ltr'>denticulos</span> <span class='ocrx_word' id='word_1_105' title='bbox 1460 1893 1605 1982; x_wconf 89' lang='lat' dir='ltr'>inpulsu</span> 
     </span>
     <span class='ocr_line' id='line_1_14' title="bbox 425 1994 1604 2081; baseline 0.003 -23"><span class='ocrx_word' id='word_1_106' title='bbox 425 2005 520 2080; x_wconf 86' lang='lat' dir='ltr'>cogat</span> <span class='ocrx_word' id='word_1_107' title='bbox 541 1996 730 2081; x_wconf 87' lang='lat' dir='ltr'>praeterire,</span> <span class='ocrx_word' id='word_1_108' title='bbox 755 1994 876 2058; x_wconf 87' lang='lat' dir='ltr'>efficiet</span> <span class='ocrx_word' id='word_1_109' title='bbox 890 2004 927 2058; x_wconf 93' lang='lat' dir='ltr'>ut</span> <span class='ocrx_word' id='word_1_110' title='bbox 948 2017 1021 2060; x_wconf 90' lang='lat' dir='ltr'>cum</span> <span class='ocrx_word' id='word_1_111' title='bbox 1043 2012 1127 2059; x_wconf 82' lang='lat' dir='ltr'>cccc</span> <span class='ocrx_word' id='word_1_112' title='bbox 1149 1997 1250 2059; x_wconf 92' lang='lat' dir='ltr'>imum</span> <span class='ocrx_word' id='word_1_113' title='bbox 1272 2006 1465 2061; x_wconf 89' lang='lat' dir='ltr'>versatum</span> <span class='ocrx_word' id='word_1_114' title='bbox 1487 1996 1604 2080; x_wconf 85' lang='lat' dir='ltr'>fuerit,</span> 
     </span>
     <span class='ocr_line' id='line_1_15' title="bbox 425 2095 1606 2186; baseline 0 -24"><span class='ocrx_word' id='word_1_115' title='bbox 425 2098 574 2184; x_wconf 87' lang='lat' dir='ltr'>superius</span> <span class='ocrx_word' id='word_1_116' title='bbox 597 2107 791 2184; x_wconf 90' lang='lat' dir='ltr'>tympanum</span> <span class='ocrx_word' id='word_1_117' title='bbox 813 2095 912 2160; x_wconf 88' lang='lat' dir='ltr'>semel</span> <span class='ocrx_word' id='word_1_118' title='bbox 935 2099 1174 2182; x_wconf 86' lang='lat' dir='ltr'>circumagatur</span> <span class='ocrx_word' id='word_1_119' title='bbox 1195 2107 1227 2162; x_wconf 89' lang='lat' dir='ltr'>et</span> <span class='ocrx_word' id='word_1_120' title='bbox 1242 2098 1447 2164; x_wconf 86' lang='lat' dir='ltr'>denticulus</span> <span class='ocrx_word' id='word_1_121' title='bbox 1476 2100 1541 2186; x_wconf 93' lang='lat' dir='ltr'>qui</span> <span class='ocrx_word' id='word_1_122' title='bbox 1557 2111 1606 2163; x_wconf 88' lang='lat' dir='ltr'>est</span> 
     </span>
     <span class='ocr_line' id='line_1_16' title="bbox 376 2197 1605 2289; baseline 0 -25"><span class='ocrx_word' id='word_1_123' title='bbox 376 2216 407 2265; x_wconf 87' lang='lat'>15</span> <span class='ocrx_word' id='word_1_124' title='bbox 425 2199 467 2262; x_wconf 89' lang='lat' dir='ltr'>ad</span> <span class='ocrx_word' id='word_1_125' title='bbox 491 2198 577 2263; x_wconf 89' lang='lat' dir='ltr'>latus</span> <span class='ocrx_word' id='word_1_126' title='bbox 601 2200 669 2262; x_wconf 88' lang='lat' dir='ltr'>eius</span> <span class='ocrx_word' id='word_1_127' title='bbox 692 2197 778 2261; x_wconf 84' lang='lat' dir='ltr'>fixus</span> <span class='ocrx_word' id='word_1_128' title='bbox 801 2220 901 2262; x_wconf 92' lang='lat' dir='ltr'>unum</span> <span class='ocrx_word' id='word_1_129' title='bbox 918 2198 1118 2263; x_wconf 88' lang='lat' dir='ltr'>denticulum</span> <span class='ocrx_word' id='word_1_130' title='bbox 1133 2202 1281 2288; x_wconf 89' lang='lat' dir='ltr'>tympani</span> <span class='ocrx_word' id='word_1_131' title='bbox 1298 2199 1400 2288; x_wconf 90' lang='lat' dir='ltr'>plani</span> <span class='ocrx_word' id='word_1_132' title='bbox 1417 2200 1605 2289; x_wconf 87' lang='lat' dir='ltr'>producat.</span> 
     </span>
     <span class='ocr_line' id='line_1_17' title="bbox 425 2300 1606 2390; baseline 0.002 -26"><span class='ocrx_word' id='word_1_133' title='bbox 425 2323 498 2364; x_wconf 89' lang='lat' dir='ltr'>cum</span> <span class='ocrx_word' id='word_1_134' title='bbox 527 2322 603 2385; x_wconf 85' lang='lat' dir='ltr'>ergo</span> <span class='ocrx_word' id='word_1_135' title='bbox 631 2316 714 2363; x_wconf 92' lang='grc'>0000</span> <span class='ocrx_word' id='word_1_136' title='bbox 743 2300 1002 2364; x_wconf 87' lang='lat' dir='ltr'>versationibus·</span> <span class='ocrx_word' id='word_1_137' title='bbox 1020 2301 1078 2363; x_wconf 94' lang='lat' dir='ltr'>imi</span> <span class='ocrx_word' id='word_1_138' title='bbox 1106 2303 1254 2389; x_wconf 89' lang='lat' dir='ltr'>tympani</span> <span class='ocrx_word' id='word_1_139' title='bbox 1288 2302 1400 2366; x_wconf 89' lang='lat' dir='ltr'>semel</span> <span class='ocrx_word' id='word_1_140' title='bbox 1439 2304 1606 2390; x_wconf 90' lang='lat' dir='ltr'>superius</span> 
     </span>
     <span class='ocr_line' id='line_1_18' title="bbox 424 2401 1606 2492; baseline 0.004 -28"><span class='ocrx_word' id='word_1_141' title='bbox 424 2401 627 2483; x_wconf 82' lang='lat' dir='ltr'>versabitur,</span> <span class='ocrx_word' id='word_1_142' title='bbox 656 2422 846 2487; x_wconf 83' lang='lat' dir='ltr'>progressus</span> <span class='ocrx_word' id='word_1_143' title='bbox 877 2401 997 2466; x_wconf 83' lang='lat' dir='ltr'>efficiet</span> <span class='ocrx_word' id='word_1_144' title='bbox 1026 2404 1132 2489; x_wconf 88' lang='lat' dir='ltr'>spatia</span> <span class='ocrx_word' id='word_1_145' title='bbox 1160 2403 1279 2489; x_wconf 88' lang='lat' dir='ltr'>pedum</span> <span class='ocrx_word' id='word_1_146' title='bbox 1311 2404 1415 2468; x_wconf 88' lang='lat' dir='ltr'>milia</span> <span class='ocrx_word' id='word_1_147' title='bbox 1448 2406 1606 2492; x_wconf 85' lang='lat' dir='ltr'>quinque</span> 
     </span>
     <span class='ocr_line' id='line_1_19' title="bbox 426 2500 1606 2590; baseline 0.005 -25"><span class='ocrx_word' id='word_1_148' title='bbox 426 2503 462 2565; x_wconf 92' lang='lat' dir='ltr'>id</span> <span class='ocrx_word' id='word_1_149' title='bbox 485 2512 533 2565; x_wconf 90' lang='lat' dir='ltr'>est</span> <span class='ocrx_word' id='word_1_150' title='bbox 556 2524 669 2588; x_wconf 89' lang='lat' dir='ltr'>passus</span> <span class='ocrx_word' id='word_1_151' title='bbox 693 2500 792 2565; x_wconf 87' lang='lat' dir='ltr'>mille.</span> <span class='ocrx_word' id='word_1_152' title='bbox 838 2524 880 2565; x_wconf 85' lang='lat' dir='ltr'>ex</span> <span class='ocrx_word' id='word_1_153' title='bbox 903 2524 939 2567; x_wconf 91' lang='lat' dir='ltr'>eo</span> <span class='ocrx_word' id='word_1_154' title='bbox 963 2513 1041 2590; x_wconf 91' lang='lat' dir='ltr'>quot</span> <span class='ocrx_word' id='word_1_155' title='bbox 1064 2502 1179 2567; x_wconf 90' lang='lat' dir='ltr'>calculi</span> <span class='ocrx_word' id='word_1_156' title='bbox 1202 2505 1416 2589; x_wconf 85' lang='lat' dir='ltr'>deciderint,</span> <span class='ocrx_word' id='word_1_157' title='bbox 1443 2507 1606 2571; x_wconf 86' lang='lat' dir='ltr'>sonando</span> 
     </span>
     <span class='ocr_line' id='line_1_20' title="bbox 426 2602 1607 2688; baseline 0.004 -20"><span class='ocrx_word' id='word_1_158' title='bbox 426 2602 555 2688; x_wconf 88' lang='lat' dir='ltr'>singula</span> <span class='ocrx_word' id='word_1_159' title='bbox 589 2603 681 2667; x_wconf 92' lang='lat' dir='ltr'>milia</span> <span class='ocrx_word' id='word_1_160' title='bbox 709 2605 817 2669; x_wconf 82' lang='lat' dir='ltr'>exisse</span> <span class='ocrx_word' id='word_1_161' title='bbox 844 2605 1034 2669; x_wconf 87' lang='lat' dir='ltr'>monebunt.</span> <span class='ocrx_word' id='word_1_162' title='bbox 1077 2628 1230 2670; x_wconf 88' lang='lat' dir='ltr'>numerus</span> <span class='ocrx_word' id='word_1_163' title='bbox 1264 2629 1344 2672; x_wconf 91' lang='lat' dir='ltr'>vero</span> <span class='ocrx_word' id='word_1_164' title='bbox 1383 2607 1607 2675; x_wconf 88' lang='lat' dir='ltr'>calculorum</span> 
     </span>
     <span class='ocr_line' id='line_1_21' title="bbox 374 2704 1607 2776; baseline 0.006 -8"><span class='ocrx_word' id='word_1_165' title='bbox 374 2728 408 2776; x_wconf 83' lang='lat'>20</span> <span class='ocrx_word' id='word_1_166' title='bbox 427 2728 469 2769; x_wconf 84' lang='lat' dir='ltr'>ex</span> <span class='ocrx_word' id='word_1_167' title='bbox 490 2707 556 2770; x_wconf 95' lang='lat' dir='ltr'>imo</span> <span class='ocrx_word' id='word_1_168' title='bbox 580 2704 732 2770; x_wconf 86' lang='lat' dir='ltr'>collectus</span> <span class='ocrx_word' id='word_1_169' title='bbox 762 2729 886 2770; x_wconf 88' lang='lat' dir='ltr'>summa</span> <span class='ocrx_word' id='word_1_170' title='bbox 914 2707 1067 2771; x_wconf 93' lang='lat' dir='ltr'>diurnum</span> <span class='ocrx_word' id='word_1_171' title='bbox 1088 2708 1302 2773; x_wconf 86' lang='lat' dir='ltr'>miliariorum</span> <span class='ocrx_word' id='word_1_172' title='bbox 1331 2732 1532 2776; x_wconf 90' lang='lat' dir='ltr'>numerum</span> <span class='ocrx_word' id='word_1_173' title='bbox 1556 2714 1607 2776; x_wconf 90' lang='lat' dir='ltr'>in·</span> 
     </span>
     <span class='ocr_line' id='line_1_22' title="bbox 416 2807 562 2872; baseline -0.007 -1"><span class='ocrx_word' id='word_1_174' title='bbox 416 2807 562 2872; x_wconf 84' lang='lat' dir='ltr'>dicabit.</span> 
     </span>
    </p>

    <p class='ocr_par' dir='ltr' id='par_1_3' title="bbox 424 2909 1636 3210">
     <span class='ocr_line' id='line_1_23' title="bbox 510 2909 1636 3000; baseline 0.005 -27"><span class='ocrx_word' id='word_1_175' title='bbox 510 2909 785 2995; x_wconf 86' lang='lat' dir='ltr'>Navigationibus</span> <span class='ocrx_word' id='word_1_176' title='bbox 813 2934 891 2976; x_wconf 91' lang='lat' dir='ltr'>vero</span> <span class='ocrx_word' id='word_1_177' title='bbox 920 2913 1071 2976; x_wconf 90' lang='lat' dir='ltr'>similiter</span> <span class='ocrx_word' id='word_1_178' title='bbox 1098 2915 1210 3000; x_wconf 87' lang='lat' dir='ltr'>paucis</span> <span class='ocrx_word' id='word_1_179' title='bbox 1238 2914 1337 2978; x_wconf 89' lang='lat' dir='ltr'>rebus</span> <span class='ocrx_word' id='word_1_180' title='bbox 1370 2918 1636 2982; x_wconf 78' lang='lat' dir='ltr'>commutatist</span> 
     </span>
     <span class='ocr_line' id='line_1_24' title="bbox 426 3012 1604 3108; baseline 0.006 -31"><span class='ocrx_word' id='word_1_181' title='bbox 426 3012 558 3077; x_wconf 88' lang='lat' dir='ltr'>caedem</span> <span class='ocrx_word' id='word_1_182' title='bbox 579 3014 722 3077; x_wconf 90' lang='lat' dir='ltr'>rationes</span> <span class='ocrx_word' id='word_1_183' title='bbox 746 3013 942 3077; x_wconf 82' lang='lat' dir='ltr'>cfficiuntur.</span> <span class='ocrx_word' id='word_1_184' title='bbox 980 3037 1120 3102; x_wconf 84' lang='lat' dir='ltr'>namque</span> <span class='ocrx_word' id='word_1_185' title='bbox 1142 3017 1291 3080; x_wconf 89' lang='lat' dir='ltr'>traicitur</span> <span class='ocrx_word' id='word_1_186' title='bbox 1313 3039 1378 3103; x_wconf 92' lang='lat' dir='ltr'>per</span> <span class='ocrx_word' id='word_1_187' title='bbox 1399 3017 1523 3083; x_wconf 88' lang='lat' dir='ltr'>latera</span> <span class='ocrx_word' id='word_1_188' title='bbox 1547 3042 1604 3108; x_wconf 86' lang='lat' dir='ltr'>pa·</span> 
     </span>
     <span class='ocr_line' id='line_1_25' title="bbox 424 3114 1604 3210; baseline 0.007 -32"><span class='ocrx_word' id='word_1_189' title='bbox 424 3115 543 3179; x_wconf 86' lang='lat' dir='ltr'>rictum</span> <span class='ocrx_word' id='word_1_190' title='bbox 565 3115 638 3178; x_wconf 87' lang='lat' dir='ltr'>axis</span> <span class='ocrx_word' id='word_1_191' title='bbox 661 3114 785 3178; x_wconf 86' lang='lat' dir='ltr'>habens</span> <span class='ocrx_word' id='word_1_192' title='bbox 808 3125 902 3179; x_wconf 87' lang='lat' dir='ltr'>extra</span> <span class='ocrx_word' id='word_1_193' title='bbox 924 3138 1042 3178; x_wconf 90' lang='lat' dir='ltr'>navem</span> <span class='ocrx_word' id='word_1_194' title='bbox 1057 3118 1272 3202; x_wconf 88' lang='lat' dir='ltr'>prominentia</span> <span class='ocrx_word' id='word_1_195' title='bbox 1288 3120 1418 3206; x_wconf 88' lang='lat' dir='ltr'>capita,</span> <span class='ocrx_word' id='word_1_196' title='bbox 1445 3123 1488 3185; x_wconf 90' lang='lat' dir='ltr'>in</span> <span class='ocrx_word' id='word_1_197' title='bbox 1514 3144 1604 3210; x_wconf 84' lang='lat' dir='ltr'>quae</span> 
     </span>
    </p>

    <p class='ocr_par' dir='ltr' id='par_1_4' title="bbox 373 3215 1602 3305">
     <span class='ocr_line' id='line_1_26' title="bbox 373 3215 1602 3305; baseline 0.01 -27"><span class='ocrx_word' id='word_1_198' title='bbox 373 3240 405 3291; x_wconf 77' lang='lat'>25</span> <span class='ocrx_word' id='word_1_199' title='bbox 425 3215 637 3279; x_wconf 90' lang='lat' dir='ltr'>includuntur</span> <span class='ocrx_word' id='word_1_200' title='bbox 663 3225 754 3279; x_wconf 88' lang='lat' dir='ltr'>rotae</span> <span class='ocrx_word' id='word_1_201' title='bbox 782 3217 941 3281; x_wconf 90' lang='lat' dir='ltr'>diametro</span> <span class='ocrx_word' id='word_1_202' title='bbox 969 3217 1089 3304; x_wconf 90' lang='lat' dir='ltr'>pedum</span> <span class='ocrx_word' id='word_1_203' title='bbox 1123 3229 1316 3305; x_wconf 92' lang='lat' dir='ltr'>quaternum</span> <span class='ocrx_word' id='word_1_204' title='bbox 1344 3235 1381 3286; x_wconf 89' lang='lat' dir='ltr'>et</span> <span class='ocrx_word' id='word_1_205' title='bbox 1420 3226 1602 3289; x_wconf 84' lang='lat' dir='ltr'>sextantis</span> 
     </span>
    </p>
   </div>
   <div class='ocr_carea' id='block_1_3' title="bbox 325 3404 1603 4734">
    <p class='ocr_par' dir='ltr' id='par_1_5' title="bbox 325 3404 1603 4734">
     <span class='ocr_line' id='line_1_27' title="bbox 494 3404 1601 3474; baseline 0.012 -21"><span class='ocrx_word' id='word_1_206' title='bbox 494 3406 616 3455; x_wconf 85' lang='lat' dir='ltr'>laltero</span> <span class='ocrx_word' id='word_1_207' title='bbox 643 3404 828 3456; x_wconf 87' lang='lat' dir='ltr'>loculamento</span> <span class='ocrx_word' id='word_1_208' title='bbox 852 3406 912 3459; x_wconf 78' lang='lat' dir='ltr'>Ec:</span> <span class='ocrx_word' id='word_1_209' title='bbox 946 3406 1037 3457; x_wconf 77' lang='lat' dir='ltr'>alteru</span> <span class='ocrx_word' id='word_1_210' title='bbox 1060 3409 1247 3459; x_wconf 81' lang='lat' dir='ltr'>loculamentir</span> <span class='ocrx_word' id='word_1_211' title='bbox 1270 3411 1302 3460; x_wconf 89' lang='lat' dir='ltr'><em>H</em></span> <span class='ocrx_word' id='word_1_212' title='bbox 1323 3410 1410 3474; x_wconf 79' lang='lat' dir='ltr'>(-ri1</span> <span class='ocrx_word' id='word_1_213' title='bbox 1435 3418 1543 3465; x_wconf 86' lang='lat' dir='ltr'>—tum</span> <span class='ocrx_word' id='word_1_214' title='bbox 1567 3417 1601 3473; x_wconf 86' lang='lat' dir='ltr'>L,</span> 
     </span>
     <span class='ocr_line' id='line_1_28' title="bbox 325 3489 1602 3563; baseline 0.011 -27"><span class='ocrx_word' id='word_1_215' title='bbox 325 3560 327 3563; x_wconf 21' lang='lat'><strong>⁴</strong></span> <span class='ocrx_word' id='word_1_216' title='bbox 427 3504 518 3538; x_wconf 90' lang='lat' dir='ltr'>—rum</span> <span class='ocrx_word' id='word_1_217' title='bbox 538 3491 600 3539; x_wconf 79' lang='lat' dir='ltr'>—tu</span> <span class='ocrx_word' id='word_1_218' title='bbox 620 3506 641 3552; x_wconf 90' lang='grc'>0,</span> <span class='ocrx_word' id='word_1_219' title='bbox 661 3506 753 3540; x_wconf 90' lang='lat' dir='ltr'>-rum</span> <span class='ocrx_word' id='word_1_220' title='bbox 771 3494 862 3540; x_wconf 90' lang='lat' dir='ltr'>-tum</span> <span class='ocrx_word' id='word_1_221' title='bbox 881 3491 909 3556; x_wconf 80' lang='lat' dir='ltr'>l).</span> <span class='ocrx_word' id='word_1_222' title='bbox 933 3489 946 3558; x_wconf 87' lang='grc' dir='ltr'>ΙΙ</span> <span class='ocrx_word' id='word_1_223' title='bbox 968 3494 985 3541; x_wconf 84' lang='grc'>4</span> <span class='ocrx_word' id='word_1_224' title='bbox 1003 3492 1094 3543; x_wconf 91' lang='lat' dir='ltr'>diurni</span> <span class='ocrx_word' id='word_1_225' title='bbox 1116 3496 1156 3543; x_wconf 84' lang='lat' dir='ltr'>ed.</span> <span class='ocrx_word' id='word_1_226' title='bbox 1176 3494 1216 3545; x_wconf 79' lang='grc' dir='ltr'>Εἰ.</span> <span class='ocrx_word' id='word_1_227' title='bbox 1240 3494 1278 3557; x_wconf 84' lang='lat' dir='ltr'>(ut</span> <span class='ocrx_word' id='word_1_228' title='bbox 1294 3496 1372 3558; x_wconf 77' lang='lat' dir='ltr'>infra</span> <span class='ocrx_word' id='word_1_229' title='bbox 1391 3515 1417 3547; x_wconf 87' lang='grc' dir='ltr'>υ.</span> <span class='ocrx_word' id='word_1_230' title='bbox 1440 3500 1511 3563; x_wconf 84' lang='grc'>20);</span> <span class='ocrx_word' id='word_1_231' title='bbox 1540 3500 1602 3550; x_wconf 89' lang='lat' dir='ltr'>diu·</span> 
     </span>
     <span class='ocr_line' id='line_1_29' title="bbox 425 3570 1600 3646; baseline 0.014 -25"><span class='ocrx_word' id='word_1_232' title='bbox 425 3574 499 3623; x_wconf 87' lang='lat' dir='ltr'>turni</span> <span class='ocrx_word' id='word_1_233' title='bbox 517 3573 602 3622; x_wconf 85' lang='lat' dir='ltr'><em>EGH.</em></span> <span class='ocrx_word' id='word_1_234' title='bbox 624 3570 636 3638; x_wconf 77' lang='grc' dir='ltr'>Η</span> <span class='ocrx_word' id='word_1_235' title='bbox 661 3574 727 3624; x_wconf 87' lang='lat' dir='ltr'>reda</span> <span class='ocrx_word' id='word_1_236' title='bbox 746 3577 801 3627; x_wconf 74' lang='lat' dir='ltr'>cd:</span> <span class='ocrx_word' id='word_1_237' title='bbox 821 3577 921 3626; x_wconf 84' lang='lat' dir='ltr'>raedae</span> <span class='ocrx_word' id='word_1_238' title='bbox 940 3575 1037 3643; x_wconf 72' lang='lat' dir='ltr'>(redae</span> <span class='ocrx_word' id='word_1_239' title='bbox 1058 3579 1086 3637; x_wconf 84' lang='lat' dir='ltr'>G,</span> <span class='ocrx_word' id='word_1_240' title='bbox 1106 3579 1170 3644; x_wconf 72' lang='lat' dir='ltr'>rede</span> <span class='ocrx_word' id='word_1_241' title='bbox 1189 3578 1224 3644; x_wconf 91' lang='grc' dir='ltr'>Ε)</span> <span class='ocrx_word' id='word_1_242' title='bbox 1243 3579 1330 3629; x_wconf 83' lang='lat' dir='ltr'><em>EGH.</em></span> <span class='ocrx_word' id='word_1_243' title='bbox 1347 3576 1361 3646; x_wconf 84' lang='grc' dir='ltr'>ΙΙ</span> <span class='ocrx_word' id='word_1_244' title='bbox 1380 3585 1397 3632; x_wconf 88' lang='lat'>5</span> <span class='ocrx_word' id='word_1_245' title='bbox 1419 3585 1502 3634; x_wconf 78' lang='lat' dir='ltr'>exiri</span> <span class='ocrx_word' id='word_1_246' title='bbox 1522 3586 1600 3638; x_wconf 84' lang='lat' dir='ltr'>Joc.:</span> 
     </span>
     <span class='ocr_line' id='line_1_30' title="bbox 427 3653 1601 3735; baseline 0.011 -29"><span class='ocrx_word' id='word_1_247' title='bbox 427 3658 502 3706; x_wconf 78' lang='lat' dir='ltr'>exire</span> <span class='ocrx_word' id='word_1_248' title='bbox 521 3657 606 3707; x_wconf 83' lang='lat' dir='ltr'><em>EGH.</em></span> <span class='ocrx_word' id='word_1_249' title='bbox 629 3653 641 3723; x_wconf 77' lang='lat' dir='ltr'>ll</span> <span class='ocrx_word' id='word_1_250' title='bbox 665 3658 875 3723; x_wconf 79' lang='lat' dir='ltr'>inpedit.&amp;in</span> <span class='ocrx_word' id='word_1_251' title='bbox 893 3661 937 3711; x_wconf 92' lang='lat' dir='ltr'>his</span> <span class='ocrx_word' id='word_1_252' title='bbox 954 3663 987 3712; x_wconf 91' lang='lat' dir='ltr'><em>H</em></span> <span class='ocrx_word' id='word_1_253' title='bbox 1002 3661 1084 3726; x_wconf 88' lang='lat' dir='ltr'>(Llc):</span> <span class='ocrx_word' id='word_1_254' title='bbox 1112 3664 1234 3729; x_wconf 87' lang='lat' dir='ltr'>impedit.</span> <span class='ocrx_word' id='word_1_255' title='bbox 1264 3665 1297 3714; x_wconf 91' lang='lat' dir='ltr'>In</span> <span class='ocrx_word' id='word_1_256' title='bbox 1315 3665 1359 3716; x_wconf 85' lang='lat' dir='ltr'>his</span> <span class='ocrx_word' id='word_1_257' title='bbox 1379 3667 1446 3722; x_wconf 83' lang='lat' dir='ltr'>EG.</span> <span class='ocrx_word' id='word_1_258' title='bbox 1476 3665 1491 3735; x_wconf 82' lang='grc' dir='ltr'>ΙΙ</span> <span class='ocrx_word' id='word_1_259' title='bbox 1518 3672 1534 3721; x_wconf 87' lang='grc'><strong>7</strong></span> <span class='ocrx_word' id='word_1_260' title='bbox 1556 3676 1601 3721; x_wconf 89' lang='lat' dir='ltr'>est</span> 
     </span>
     <span class='ocr_line' id='line_1_31' title="bbox 426 3739 1603 3818; baseline 0.012 -27"><span class='ocrx_word' id='word_1_261' title='bbox 426 3758 473 3793; x_wconf 84' lang='lat' dir='ltr'>om.</span> <span class='ocrx_word' id='word_1_262' title='bbox 492 3741 524 3790; x_wconf 87' lang='lat' dir='ltr'>E.</span> <span class='ocrx_word' id='word_1_263' title='bbox 549 3739 560 3806; x_wconf 87' lang='grc' dir='ltr'>ΙΙ</span> <span class='ocrx_word' id='word_1_264' title='bbox 583 3742 797 3792; x_wconf 87' lang='lat' dir='ltr'>loculamentum</span> <span class='ocrx_word' id='word_1_265' title='bbox 816 3744 939 3795; x_wconf 89' lang='lat' dir='ltr'>foramen</span> <span class='ocrx_word' id='word_1_266' title='bbox 959 3750 982 3800; x_wconf 77' lang='lat' dir='ltr'>e.</span> <span class='ocrx_word' id='word_1_267' title='bbox 1000 3746 1049 3796; x_wconf 89' lang='lat' dir='ltr'>fiat</span> <span class='ocrx_word' id='word_1_268' title='bbox 1067 3763 1149 3797; x_wconf 90' lang='lat' dir='ltr'>unum</span> <span class='ocrx_word' id='word_1_269' title='bbox 1169 3790 1174 3801; x_wconf 87' lang='lat'><em>.</em></span> <span class='ocrx_word' id='word_1_270' title='bbox 1191 3785 1218 3802; x_wconf 86' lang='lat'>..</span> <span class='ocrx_word' id='word_1_271' title='bbox 1239 3750 1260 3799; x_wconf 80' lang='lat' dir='ltr'><em>G</em></span> <span class='ocrx_word' id='word_1_272' title='bbox 1278 3752 1338 3812; x_wconf 75' lang='lat' dir='ltr'>(non</span> <span class='ocrx_word' id='word_1_273' title='bbox 1357 3751 1409 3815; x_wconf 83' lang='lat' dir='ltr'>E).</span> <span class='ocrx_word' id='word_1_274' title='bbox 1436 3748 1452 3818; x_wconf 80' lang='grc' dir='ltr'><strong>Η</strong></span> <span class='ocrx_word' id='word_1_275' title='bbox 1488 3756 1525 3805; x_wconf 92' lang='grc'>10</span> <span class='ocrx_word' id='word_1_276' title='bbox 1545 3756 1603 3804; x_wconf 86' lang='lat' dir='ltr'>sin·</span> 
     </span>
     <span class='ocr_line' id='line_1_32' title="bbox 426 3824 1601 3896; baseline 0.017 -23"><span class='ocrx_word' id='word_1_277' title='bbox 426 3825 484 3890; x_wconf 81' lang='lat' dir='ltr'>guli</span> <span class='ocrx_word' id='word_1_278' title='bbox 502 3827 534 3875; x_wconf 90' lang='lat' dir='ltr'><em>H</em></span> <span class='ocrx_word' id='word_1_279' title='bbox 550 3824 633 3889; x_wconf 84' lang='lat' dir='ltr'>(Llc):</span> <span class='ocrx_word' id='word_1_280' title='bbox 652 3827 714 3876; x_wconf 90' lang='lat' dir='ltr'>—la</span> <span class='ocrx_word' id='word_1_281' title='bbox 733 3828 790 3878; x_wconf 77' lang='lat' dir='ltr'>Ec.</span> <span class='ocrx_word' id='word_1_282' title='bbox 814 3824 826 3894; x_wconf 81' lang='grc' dir='ltr'>ΙΙ</span> <span class='ocrx_word' id='word_1_283' title='bbox 851 3832 882 3879; x_wconf 79' lang='grc'>12</span> <span class='ocrx_word' id='word_1_284' title='bbox 900 3832 1026 3895; x_wconf 89' lang='lat' dir='ltr'>tympani</span> <span class='ocrx_word' id='word_1_285' title='bbox 1047 3833 1073 3879; x_wconf 89' lang='lat' dir='ltr'><em>H</em></span> <span class='ocrx_word' id='word_1_286' title='bbox 1091 3830 1213 3896; x_wconf 59' lang='lat' dir='ltr'>(cetron</span> <span class='ocrx_word' id='word_1_287' title='bbox 1232 3834 1309 3883; x_wconf 85' lang='lat' dir='ltr'>-nis</span> <span class='ocrx_word' id='word_1_288' title='bbox 1326 3834 1353 3883; x_wconf 92' lang='grc' dir='ltr'><em>Ε</em></span> <span class='ocrx_word' id='word_1_289' title='bbox 1373 3842 1402 3885; x_wconf 85' lang='lat' dir='ltr'>et</span> <span class='ocrx_word' id='word_1_290' title='bbox 1428 3845 1502 3889; x_wconf 81' lang='lat' dir='ltr'>ante</span> <span class='ocrx_word' id='word_1_291' title='bbox 1525 3855 1601 3893; x_wconf 86' lang='grc'>0000.</span> 
     </span>
     <span class='ocr_line' id='line_1_33' title="bbox 428 3906 1602 3983; baseline 0.015 -24"><span class='ocrx_word' id='word_1_292' title='bbox 428 3911 456 3959; x_wconf 85' lang='lat' dir='ltr'>G.</span> <span class='ocrx_word' id='word_1_293' title='bbox 483 3906 494 3976; x_wconf 80' lang='grc' dir='ltr'>Η</span> <span class='ocrx_word' id='word_1_294' title='bbox 516 3910 672 3961; x_wconf 84' lang='lat' dir='ltr'>denticulos</span> <span class='ocrx_word' id='word_1_295' title='bbox 690 3912 715 3960; x_wconf 88' lang='lat' dir='ltr'><em>E</em></span> <span class='ocrx_word' id='word_1_296' title='bbox 737 3920 762 3961; x_wconf 84' lang='lat' dir='ltr'>et</span> <span class='ocrx_word' id='word_1_297' title='bbox 784 3921 842 3964; x_wconf 84' lang='lat' dir='ltr'>ante</span> <span class='ocrx_word' id='word_1_298' title='bbox 866 3930 933 3968; x_wconf 89' lang='grc'>0000.</span> <span class='ocrx_word' id='word_1_299' title='bbox 954 3916 982 3965; x_wconf 78' lang='lat'>6.</span> <span class='ocrx_word' id='word_1_300' title='bbox 1008 3912 1020 3981; x_wconf 83' lang='grc' dir='ltr'>[Ι</span> <span class='ocrx_word' id='word_1_301' title='bbox 1044 3918 1075 3966; x_wconf 85' lang='grc'>13</span> <span class='ocrx_word' id='word_1_302' title='bbox 1099 3916 1204 3967; x_wconf 82' lang='lat' dir='ltr'>efficiet</span> <span class='ocrx_word' id='word_1_303' title='bbox 1226 3923 1257 3967; x_wconf 93' lang='lat' dir='ltr'>ut</span> <span class='ocrx_word' id='word_1_304' title='bbox 1281 3934 1341 3968; x_wconf 91' lang='lat' dir='ltr'>cum</span> <span class='ocrx_word' id='word_1_305' title='bbox 1366 3926 1602 3983; x_wconf 79' lang='lat' dir='ltr'>quatercenties</span> 
     </span>
     <span class='ocr_line' id='line_1_34' title="bbox 426 3994 1600 4075; baseline 0.017 -34"><span class='ocrx_word' id='word_1_306' title='bbox 426 3994 507 4042; x_wconf 89' lang='lat' dir='ltr'>imum</span> <span class='ocrx_word' id='word_1_307' title='bbox 530 3995 599 4047; x_wconf 71' lang='lat' dir='ltr'>doc:</span> <span class='ocrx_word' id='word_1_308' title='bbox 628 3996 805 4061; x_wconf 76' lang='lat' dir='ltr'>effici&amp;(-et</span> <span class='ocrx_word' id='word_1_309' title='bbox 825 3999 855 4061; x_wconf 81' lang='lat' dir='ltr'>G)</span> <span class='ocrx_word' id='word_1_310' title='bbox 881 4002 915 4049; x_wconf 78' lang='lat' dir='ltr'>cir</span> <span class='ocrx_word' id='word_1_311' title='bbox 939 4000 1014 4061; x_wconf 81' lang='lat' dir='ltr'>(.Cr&#39;1</span> <span class='ocrx_word' id='word_1_312' title='bbox 1034 4001 1067 4058; x_wconf 87' lang='lat' dir='ltr'>G,</span> <span class='ocrx_word' id='word_1_313' title='bbox 1092 3999 1158 4049; x_wconf 81' lang='lat' dir='ltr'>Cum</span> <span class='ocrx_word' id='word_1_314' title='bbox 1176 4002 1212 4064; x_wconf 87' lang='lat' dir='ltr'>E)</span> <span class='ocrx_word' id='word_1_315' title='bbox 1237 4018 1302 4053; x_wconf 85' lang='lat' dir='ltr'>ecce</span> <span class='ocrx_word' id='word_1_316' title='bbox 1327 4002 1410 4068; x_wconf 91' lang='lat' dir='ltr'>(cccc</span> <span class='ocrx_word' id='word_1_317' title='bbox 1431 4009 1458 4056; x_wconf 78' lang='lat'>10</span> <span class='ocrx_word' id='word_1_318' title='bbox 1479 4016 1510 4058; x_wconf 81' lang='lat' dir='ltr'>et</span> <span class='ocrx_word' id='word_1_319' title='bbox 1529 4011 1600 4075; x_wconf 86' lang='lat' dir='ltr'>rec.)</span> 
     </span>
     <span class='ocr_line' id='line_1_35' title="bbox 425 4077 1600 4152; baseline 0.015 -27"><span class='ocrx_word' id='word_1_320' title='bbox 425 4077 507 4127; x_wconf 90' lang='lat' dir='ltr'>imum</span> <span class='ocrx_word' id='word_1_321' title='bbox 526 4079 611 4130; x_wconf 82' lang='lat' dir='ltr'><em>EGH.</em></span> <span class='ocrx_word' id='word_1_322' title='bbox 635 4077 647 4146; x_wconf 73' lang='lat' dir='ltr'>ll</span> <span class='ocrx_word' id='word_1_323' title='bbox 671 4082 702 4130; x_wconf 80' lang='lat'>14</span> <span class='ocrx_word' id='word_1_324' title='bbox 721 4082 925 4148; x_wconf 80' lang='lat' dir='ltr'>circumagatur</span> <span class='ocrx_word' id='word_1_325' title='bbox 947 4085 1019 4134; x_wconf 76' lang='lat' dir='ltr'>Joc:</span> <span class='ocrx_word' id='word_1_326' title='bbox 1047 4086 1156 4150; x_wconf 85' lang='lat' dir='ltr'>-gitur</span> <span class='ocrx_word' id='word_1_327' title='bbox 1174 4086 1261 4138; x_wconf 84' lang='lat' dir='ltr'><em>EGH.</em></span> <span class='ocrx_word' id='word_1_328' title='bbox 1284 4083 1295 4152; x_wconf 84' lang='grc' dir='ltr'>[Ι</span> <span class='ocrx_word' id='word_1_329' title='bbox 1324 4090 1355 4138; x_wconf 85' lang='grc'>16</span> <span class='ocrx_word' id='word_1_330' title='bbox 1377 4088 1484 4142; x_wconf 77' lang='lat' dir='ltr'>CCCC</span> <span class='ocrx_word' id='word_1_331' title='bbox 1499 4112 1531 4147; x_wconf 85' lang='lat'>.:</span> <span class='ocrx_word' id='word_1_332' title='bbox 1559 4099 1600 4147; x_wconf 78' lang='lat' dir='ltr'>sic</span> 
     </span>
     <span class='ocr_line' id='line_1_36' title="bbox 424 4159 1600 4234; baseline 0.016 -24"><span class='ocrx_word' id='word_1_333' title='bbox 424 4161 511 4213; x_wconf 81' lang='lat' dir='ltr'><em>EGH.</em></span> <span class='ocrx_word' id='word_1_334' title='bbox 534 4159 546 4229; x_wconf 78' lang='grc' dir='ltr'>ΙΙ</span> <span class='ocrx_word' id='word_1_335' title='bbox 569 4164 617 4212; x_wconf 93' lang='lat' dir='ltr'>imi</span> <span class='ocrx_word' id='word_1_336' title='bbox 635 4167 760 4230; x_wconf 87' lang='lat' dir='ltr'>tympani</span> <span class='ocrx_word' id='word_1_337' title='bbox 778 4167 863 4217; x_wconf 85' lang='lat' dir='ltr'>semel</span> <span class='ocrx_word' id='word_1_338' title='bbox 881 4168 939 4216; x_wconf 78' lang='lat' dir='ltr'>ch:</span> <span class='ocrx_word' id='word_1_339' title='bbox 965 4169 1012 4216; x_wconf 92' lang='lat' dir='ltr'>imi</span> <span class='ocrx_word' id='word_1_340' title='bbox 1030 4171 1155 4233; x_wconf 86' lang='lat' dir='ltr'>tympani</span> <span class='ocrx_word' id='word_1_341' title='bbox 1174 4171 1255 4220; x_wconf 91' lang='lat' dir='ltr'>simul</span> <span class='ocrx_word' id='word_1_342' title='bbox 1272 4172 1302 4219; x_wconf 92' lang='lat' dir='ltr'><em>H</em></span> <span class='ocrx_word' id='word_1_343' title='bbox 1318 4172 1360 4234; x_wconf 78' lang='lat' dir='ltr'>(ct</span> <span class='ocrx_word' id='word_1_344' title='bbox 1380 4182 1409 4223; x_wconf 83' lang='lat' dir='ltr'>ct</span> <span class='ocrx_word' id='word_1_345' title='bbox 1428 4185 1501 4227; x_wconf 84' lang='lat' dir='ltr'>ante</span> <span class='ocrx_word' id='word_1_346' title='bbox 1522 4196 1600 4234; x_wconf 85' lang='grc'>0000.</span> 
     </span>
     <span class='ocr_line' id='line_1_37' title="bbox 425 4247 1597 4330; baseline 0.018 -37"><span class='ocrx_word' id='word_1_347' title='bbox 425 4247 454 4308; x_wconf 86' lang='lat' dir='ltr'>l),</span> <span class='ocrx_word' id='word_1_348' title='bbox 474 4247 629 4311; x_wconf 87' lang='lat' dir='ltr'>intympuni</span> <span class='ocrx_word' id='word_1_349' title='bbox 646 4251 728 4300; x_wconf 89' lang='lat' dir='ltr'>simul</span> <span class='ocrx_word' id='word_1_350' title='bbox 746 4251 801 4300; x_wconf 84' lang='lat' dir='ltr'>EG.</span> <span class='ocrx_word' id='word_1_351' title='bbox 825 4248 837 4315; x_wconf 75' lang='lat' dir='ltr'>ll</span> <span class='ocrx_word' id='word_1_352' title='bbox 861 4253 892 4301; x_wconf 89' lang='lat'>18</span> <span class='ocrx_word' id='word_1_353' title='bbox 912 4251 1048 4301; x_wconf 84' lang='lat' dir='ltr'>deciderit</span> <span class='ocrx_word' id='word_1_354' title='bbox 1070 4254 1102 4304; x_wconf 93' lang='grc' dir='ltr'>Ε.</span> <span class='ocrx_word' id='word_1_355' title='bbox 1125 4250 1136 4320; x_wconf 76' lang='grc' dir='ltr'>ΙΙ</span> <span class='ocrx_word' id='word_1_356' title='bbox 1158 4257 1191 4306; x_wconf 81' lang='lat'>20</span> <span class='ocrx_word' id='word_1_357' title='bbox 1213 4257 1267 4305; x_wconf 92' lang='lat' dir='ltr'>imo</span> <span class='ocrx_word' id='word_1_358' title='bbox 1290 4258 1343 4309; x_wconf 75' lang='lat' dir='ltr'>ed:</span> <span class='ocrx_word' id='word_1_359' title='bbox 1368 4272 1428 4309; x_wconf 90' lang='lat' dir='ltr'>uno</span> <span class='ocrx_word' id='word_1_360' title='bbox 1458 4261 1558 4313; x_wconf 86' lang='lat' dir='ltr'><em>EGH.</em></span> <span class='ocrx_word' id='word_1_361' title='bbox 1583 4264 1597 4330; x_wconf 71' lang='lat' dir='ltr'>il</span> 
     </span>
     <span class='ocr_line' id='line_1_38' title="bbox 426 4333 1598 4415; baseline 0.016 -36"><span class='ocrx_word' id='word_1_362' title='bbox 426 4344 543 4380; x_wconf 84' lang='lat' dir='ltr'>summa:</span> <span class='ocrx_word' id='word_1_363' title='bbox 565 4334 603 4381; x_wconf 82' lang='lat' dir='ltr'>sic</span> <span class='ocrx_word' id='word_1_364' title='bbox 620 4333 701 4383; x_wconf 84' lang='lat' dir='ltr'>EGH</span> <span class='ocrx_word' id='word_1_365' title='bbox 717 4334 787 4398; x_wconf 83' lang='lat' dir='ltr'>(Ltc,</span> <span class='ocrx_word' id='word_1_366' title='bbox 811 4340 914 4386; x_wconf 71' lang='lat' dir='ltr'>summi</span> <span class='ocrx_word' id='word_1_367' title='bbox 933 4337 987 4400; x_wconf 65' lang='lat' dir='ltr'>Ge),</span> <span class='ocrx_word' id='word_1_368' title='bbox 1011 4333 1022 4403; x_wconf 76' lang='grc' dir='ltr'>ΙΙ</span> <span class='ocrx_word' id='word_1_369' title='bbox 1046 4336 1171 4387; x_wconf 89' lang='lat' dir='ltr'>diurnum</span> <span class='ocrx_word' id='word_1_370' title='bbox 1194 4356 1252 4406; x_wconf 76' lang='lat' dir='ltr'>epo:</span> <span class='ocrx_word' id='word_1_371' title='bbox 1277 4339 1366 4389; x_wconf 89' lang='lat' dir='ltr'>diurni</span> <span class='ocrx_word' id='word_1_372' title='bbox 1392 4344 1493 4398; x_wconf 84' lang='lat' dir='ltr'><em>EGH.</em></span> <span class='ocrx_word' id='word_1_373' title='bbox 1523 4345 1537 4415; x_wconf 78' lang='grc' dir='ltr'>ΙΙ</span> <span class='ocrx_word' id='word_1_374' title='bbox 1562 4353 1598 4400; x_wconf 79' lang='lat'>22</span> 
     </span>
     <span class='ocr_line' id='line_1_39' title="bbox 427 4416 1594 4500; baseline 0.021 -38"><span class='ocrx_word' id='word_1_375' title='bbox 427 4416 599 4479; x_wconf 77' lang='lat' dir='ltr'>nugationib3</span> <span class='ocrx_word' id='word_1_376' title='bbox 611 4426 671 4468; x_wconf 86' lang='lat' dir='ltr'>ante</span> <span class='ocrx_word' id='word_1_377' title='bbox 683 4435 750 4469; x_wconf 91' lang='grc'>0000.</span> <span class='ocrx_word' id='word_1_378' title='bbox 762 4421 798 4471; x_wconf 90' lang='lat' dir='ltr'>H.</span> <span class='ocrx_word' id='word_1_379' title='bbox 815 4416 826 4485; x_wconf 92' lang='grc' dir='ltr'>ΙΙ</span> <span class='ocrx_word' id='word_1_380' title='bbox 844 4423 876 4471; x_wconf 79' lang='lat'>23</span> <span class='ocrx_word' id='word_1_381' title='bbox 889 4420 1002 4471; x_wconf 85' lang='lat' dir='ltr'>eaedem</span> <span class='ocrx_word' id='word_1_382' title='bbox 1015 4424 1136 4473; x_wconf 85' lang='lat' dir='ltr'>rationes</span> <span class='ocrx_word' id='word_1_383' title='bbox 1149 4440 1208 4490; x_wconf 74' lang='lat' dir='ltr'>epo:</span> <span class='ocrx_word' id='word_1_384' title='bbox 1222 4426 1319 4475; x_wconf 85' lang='lat' dir='ltr'>eadem</span> <span class='ocrx_word' id='word_1_385' title='bbox 1331 4428 1448 4480; x_wconf 80' lang='lat' dir='ltr'>ratione</span> <span class='ocrx_word' id='word_1_386' title='bbox 1465 4433 1565 4484; x_wconf 82' lang='lat' dir='ltr'><em>EGH.</em></span> <span class='ocrx_word' id='word_1_387' title='bbox 1583 4434 1594 4500; x_wconf 73' lang='lat' dir='ltr'>ll</span> 
     </span>
     <span class='ocr_line' id='line_1_40' title="bbox 426 4499 1597 4583; baseline 0.019 -35"><span class='ocrx_word' id='word_1_388' title='bbox 426 4499 566 4564; x_wconf 70' lang='lat' dir='ltr'>mirique</span> <span class='ocrx_word' id='word_1_389' title='bbox 584 4502 610 4550; x_wconf 92' lang='grc' dir='ltr'><em>Ε</em></span> <span class='ocrx_word' id='word_1_390' title='bbox 628 4501 673 4566; x_wconf 76' lang='lat' dir='ltr'>(t),</span> <span class='ocrx_word' id='word_1_391' title='bbox 691 4504 773 4569; x_wconf 77' lang='lat' dir='ltr'>inque</span> <span class='ocrx_word' id='word_1_392' title='bbox 792 4505 824 4554; x_wconf 93' lang='lat' dir='ltr'><em>H</em></span> <span class='ocrx_word' id='word_1_393' title='bbox 840 4502 922 4567; x_wconf 74' lang='lat' dir='ltr'>(och,</span> <span class='ocrx_word' id='word_1_394' title='bbox 941 4507 970 4555; x_wconf 92' lang='lat' dir='ltr'>in</span> <span class='ocrx_word' id='word_1_395' title='bbox 989 4523 1043 4572; x_wconf 87' lang='lat' dir='ltr'>qua</span> <span class='ocrx_word' id='word_1_396' title='bbox 1056 4507 1110 4570; x_wconf 76' lang='grc'>010),</span> <span class='ocrx_word' id='word_1_397' title='bbox 1128 4509 1184 4573; x_wconf 80' lang='lat' dir='ltr'>inq²</span> <span class='ocrx_word' id='word_1_398' title='bbox 1205 4516 1264 4559; x_wconf 86' lang='lat' dir='ltr'>ante</span> <span class='ocrx_word' id='word_1_399' title='bbox 1282 4526 1352 4560; x_wconf 85' lang='grc'>0000.</span> <span class='ocrx_word' id='word_1_400' title='bbox 1367 4512 1399 4563; x_wconf 77' lang='lat' dir='ltr'>G.</span> <span class='ocrx_word' id='word_1_401' title='bbox 1422 4511 1434 4579; x_wconf 83' lang='grc' dir='ltr'>ΙΙ</span> <span class='ocrx_word' id='word_1_402' title='bbox 1459 4519 1500 4568; x_wconf 74' lang='grc'>25</span> <span class='ocrx_word' id='word_1_403' title='bbox 1521 4534 1597 4583; x_wconf 80' lang='lat' dir='ltr'>qua-</span> 
     </span>
     <span class='ocr_line' id='line_1_41' title="bbox 426 4585 1596 4729; baseline 0.02 -99"><span class='ocrx_word' id='word_1_404' title='bbox 426 4585 531 4729; x_wconf 60' lang='lat' dir='ltr'>tornpm</span> <span class='ocrx_word' id='word_1_405' title='bbox 549 4590 607 4634; x_wconf 81' lang='lat' dir='ltr'>ante</span> <span class='ocrx_word' id='word_1_406' title='bbox 626 4602 696 4637; x_wconf 92' lang='grc'>0000.</span> <span class='ocrx_word' id='word_1_407' title='bbox 716 4589 750 4639; x_wconf 92' lang='lat' dir='ltr'>H.</span> <span class='ocrx_word' id='word_1_408' title='bbox 776 4585 787 4653; x_wconf 73' lang='lat' dir='ltr'>ll</span> <span class='ocrx_word' id='word_1_409' title='bbox 811 4591 946 4641; x_wconf 82' lang='lat' dir='ltr'>sextantis</span> <span class='ocrx_word' id='word_1_410' title='bbox 964 4592 1033 4646; x_wconf 73' lang='lat' dir='ltr'>Joc:</span> <span class='ocrx_word' id='word_1_411' title='bbox 1058 4596 1204 4642; x_wconf 84' lang='lat' dir='ltr'>sextantae</span> <span class='ocrx_word' id='word_1_412' title='bbox 1223 4594 1251 4641; x_wconf 90' lang='lat' dir='ltr'><em>H</em></span> <span class='ocrx_word' id='word_1_413' title='bbox 1269 4592 1322 4657; x_wconf 76' lang='lat' dir='ltr'>(cb,</span> <span class='ocrx_word' id='word_1_414' title='bbox 1342 4600 1407 4647; x_wconf 85' lang='lat' dir='ltr'>-te</span> <span class='ocrx_word' id='word_1_415' title='bbox 1430 4600 1505 4665; x_wconf 78' lang='lat' dir='ltr'>Lct),</span> <span class='ocrx_word' id='word_1_416' title='bbox 1528 4607 1596 4671; x_wconf 66' lang='lat' dir='ltr'>-te</span> 
     </span>
     <span class='ocr_line' id='line_1_42' title="bbox 429 4665 688 4734; baseline 0.019 -19"><span class='ocrx_word' id='word_1_417' title='bbox 429 4665 476 4717; x_wconf 74' lang='lat' dir='ltr'>Ec</span> <span class='ocrx_word' id='word_1_418' title='bbox 505 4667 536 4725; x_wconf 86' lang='lat' dir='ltr'>L,</span> <span class='ocrx_word' id='word_1_419' title='bbox 555 4673 615 4719; x_wconf 74' lang='lat' dir='ltr'>—te</span> <span class='ocrx_word' id='word_1_420' title='bbox 635 4670 688 4734; x_wconf 79' lang='lat' dir='ltr'>G).</span> 
     </span>
    </p>
   </div>
   <div class='ocr_carea' id='block_1_4' title="bbox 0 0 1996 5825">
    <p class='ocr_par' dir='ltr' id='par_1_6' title="bbox 0 0 1996 5825">
     <span class='ocr_line' id='line_1_43' title="bbox 0 0 1996 5825; baseline 0 0"><span class='ocrx_word' id='word_1_421' title='bbox 0 0 1996 5825; x_wconf 95' lang='lat' dir='ltr'> </span> 
     </span>
    </p>
   </div>
  </div>
 </body>
</html>
