3984 5825
657 632 705 678 on
726 630 996 679 nscnrrrcruna
1020 633 1089 678 me.
1114 633 1162 680 ιν.
1438 617 1479 681 89

331 786 529 873 glyphorum
551 785 797 872 dispositionem
820 794 852 848 et
873 785 1064 869 intertignia
1085 793 1287 872 metoparum
1309 785 1430 849 habere
1446 788 1479 850 in

298 887 455 952 adoricis
482 886 635 973 operibus
663 895 849 972 coeperunt.
894 896 1007 972 postea
1028 886 1084 949 alii
1107 887 1141 949 in
1162 885 1235 950 aliis
1259 886 1413 973 operibus
1436 887 1479 951 ad

332 988 603 1077 perpendiculum
624 987 865 1076 triglyphorum
887 987 1072 1069 cantherios
1094 984 1313 1075 prominentes
1337 990 1477 1076 proiece-

331 1101 409 1156 rrmt
431 1094 607 1177 eorumque
628 1091 827 1176 proiecturas
851 1089 1063 1154 simaverunt.
1108 1112 1150 1154 ex
1166 1113 1202 1154 eo
1218 1093 1267 1155 uti
1282 1113 1300 1154 e
1314 1092 1478 1176 tignorum

333 1192 607 1280 dispositionibus
629 1190 801 1280 triglyphi,
824 1193 870 1256 ita
893 1215 910 1254 e
933 1192 1171 1256 cantheriorum
1194 1194 1386 1279 proiecturis
1403 1216 1477 1256 -mu-
1497 1208 1512 1257 5
1603 1224 1607 1229 ·

332 1293 477 1361 tulorum
500 1294 562 1359 sub
584 1295 712 1365 coronis
739 1295 823 1359 ratio
851 1303 900 1357 est
922 1296 1066 1358 inventa.
1111 1295 1157 1358 ita
1179 1293 1247 1358 fere
1269 1297 1304 1357 in
1326 1294 1479 1381 operibus

332 1396 474 1485 lapideis
497 1404 529 1460 et
550 1398 740 1460 marmoreis
761 1394 879 1460 mutuli
900 1395 1065 1459 inclinatis
1094 1395 1267 1483 scalpturis
1295 1396 1478 1481 deforman-

333 1509 399 1579 tur,
416 1498 503 1584 quod
517 1498 657 1563 imitatio
674 1506 722 1562 est
738 1497 986 1561 cantheriorum.
1016 1499 1134 1561 etenim
1149 1499 1332 1585 necessario
1347 1508 1480 1585 propter

245 1619 253 1628 ·
333 1599 505 1665 stillicidia
537 1599 709 1687 proclinati
743 1597 962 1664 conlocantur.
1013 1621 1090 1683 ergo
1119 1610 1150 1664 et
1179 1599 1419 1687 triglyphorum
1448 1610 1480 1664 et

334 1701 530 1767 mutulorum
562 1703 597 1766 in
631 1701 751 1766 doricis
784 1700 937 1788 operibus
970 1702 1054 1766 ratio
1082 1723 1125 1765 ex
1154 1724 1192 1765 ea
1218 1703 1400 1767 imitatione
1431 1704 1478 1766 in·
1500 1719 1531 1767 10

334 1813 435 1870 venta
456 1812 517 1870 cst.

298 1925 316 1972 4
420 1905 495 1971 Non
531 1906 617 1970 enim
652 1903 924 1992 quemadmodum
959 1904 1107 1968 nonnulli
1143 1914 1288 1970 errantes
1325 1906 1481 1971 dixerunt

334 2009 552 2074 fenestrarum
580 2008 738 2093 imagines
768 2028 839 2070 esse
865 2005 1050 2095 triglyphos
1077 2008 1123 2069 ita
1145 2015 1254 2094 potest
1277 2030 1365 2090 esse,
1394 2008 1481 2093 quod

334 2114 370 2175 in
392 2108 522 2196 angulis
544 2120 720 2196 contraque
741 2118 897 2174 tetrantes
926 2108 1145 2174 columnarum
1174 2109 1333 2197 triglyphi
1361 2111 1478 2175 consti-

334 2222 486 2295 tuuntur,
521 2211 638 2298 quibus
665 2213 701 2275 in
727 2210 807 2276 locis
836 2212 965 2276 omnino
994 2227 1061 2276 non
1088 2212 1211 2297 patitur
1240 2212 1479 2288 ressenestras
1500 2229 1531 2276 15

335 2315 417 2379 fieri.
463 2312 689 2378 dissolvuntur
716 2314 802 2376 enim
828 2313 1021 2398 angulorum
1048 2315 1083 2377 in
1110 2314 1269 2378 aedificiis
1299 2316 1479 2398 iuncturae,

335 2418 365 2481 si
393 2417 428 2479 in
454 2417 483 2480 is
511 2415 727 2480 fenestrarum
754 2415 876 2478 fuerint
909 2413 1032 2480 lumina
1058 2415 1182 2481 relicta.
1234 2418 1396 2505 etiamque
1423 2415 1480 2480 ubi

334 2539 423 2583 nunc
456 2517 617 2605 triglyphi
649 2519 888 2582 constituuntur
921 2518 950 2581 si
977 2517 1025 2581 ibi
1053 2516 1212 2582 luminum
1245 2520 1352 2606 spatia
1379 2520 1481 2583 fuisse

335 2618 583 2704 iudicabuntur,
611 2619 717 2688 isdem
738 2619 919 2683 rationibus
942 2618 1100 2684 denticuli
1121 2622 1156 2684 in
1183 2623 1299 2686 ionicis
1322 2620 1480 2685 fenestra·

335 2745 410 2787 rum
442 2723 655 2809 occupavisse
688 2719 759 2785 loca
791 2719 1000 2786 videbuntur.
1050 2731 1187 2808 utraque
1221 2724 1307 2788 enim
1336 2732 1367 2787 et
1395 2724 1481 2788 inter
1499 2739 1532 2786 20
1641 2777 1644 2782 .

336 2821 520 2889 denticulos
543 2833 576 2888 et
597 2811 683 2889 inter
703 2822 887 2910 triglyphos
916 2844 999 2923 quae
1027 2832 1101 2888 sunt
1128 2822 1301 2888 intervalla
1332 2833 1480 2911 metopae

336 2928 555 2991 nominantur.
599 2946 684 3002 οπας
705 2928 792 2990 enim
807 2926 926 2993 Graeci
946 2927 1111 3010 tignorum
1127 2926 1273 2991 cubicula
1289 2935 1320 2990 et
1334 2949 1481 2991 asserum
1502 2966 1505 2974 ·

336 3026 514 3117 appellant,
536 3028 585 3091 uti
605 3028 709 3092 nostri
730 3050 767 3091 ea
786 3050 868 3092 cava
888 3026 1098 3093 columbaria.
1134 3030 1181 3093 ita
1196 3027 1282 3114 quod
1298 3030 1383 3092 inter
1398 3028 1480 3091 duas

337 3153 417 3217 opas
440 3138 490 3193 est
510 3130 746 3214 intertignium‚
769 3129 804 3193 id
826 3151 952 3214 μετοπη
975 3138 1025 3195 est
1046 3129 1132 3216 apud
1155 3152 1208 3194 eos
1227 3130 1437 3193 nominatum.

305 3260 321 3307 5
423 3232 476 3295 Ita
496 3232 545 3295 uti
566 3231 683 3317 autem*-
696 3233 731 3296 in
752 3231 871 3297 doricis
893 3231 1132 3319 triglyphorum
1155 3240 1187 3295 et
1214 3232 1410 3297 mutulorum
1433 3240 1482 3295 est
1499 3247 1532 3295 25

336 3336 473 3398 inventa
499 3334 598 3417 ratio,
625 3335 704 3398 item
731 3334 766 3398 in
793 3334 909 3398 ionicis
937 3332 1176 3399 denticrdorum
1198 3334 1386 3399 constitutio
1409 3356 1481 3421 pro·

337 3437 443 3523 priam
465 3437 501 3499 in
522 3434 675 3524 operibus
697 3434 797 3499 habet
818 3436 993 3517 rationem,
1018 3444 1049 3499 et
1071 3434 1343 3522 quemadmodum
1365 3436 1482 3501 mutuli
1572 3507 1577 3528 Ι,

338 3537 580 3603 cantheriorum
612 3538 815 3624 proiecturae
846 3537 957 3601 ferunt
989 3537 1181 3622 imaginem,
1209 3540 1267 3603 sic
1299 3540 1335 3602 in
1366 3540 1482 3605 ionicis
1568 3535 1573 3540 ’

410 3745 648 3811 {dispositionem
669 3743 759 3794 Sela:
788 3759 857 3793 -ne
881 3745 941 3794 GH.
969 3739 981 3809 Η
1008 3744 1173 3810 intertignia
1201 3743 1288 3808 (Lar.)
1312 3749 1482 3810 metoparum

340 3828 447 3894 (Mar.):
467 3830 647 3896 intertignnm
665 3834 693 3880 et
711 3844 826 3894 operum
843 3830 874 3879 H
890 3827 975 3894 (Llc),
999 3828 1108 3894 intignir
1133 3829 1203 3893 (ante
1221 3827 1302 3896 corr.)
1327 3835 1355 3881 et
1375 3831 1482 3896 aphard

342 3916 372 3968 G.
393 3911 406 3980 Η
429 3917 446 3964 4
463 3914 506 3963 uti
523 3930 537 3964 e
556 3916 694 3981 tignorum
711 3915 782 3965 doc:
806 3915 848 3964 uti
869 3915 1007 3979 tignorum
1027 3913 1085 3966 GH.
1108 3908 1120 3979 Η
1144 3915 1159 3963 6
1183 3899 1290 3965 coronis
1308 3915 1379 3966 doe:
1405 3930 1482 3965 coro·

339 3999 413 4049 nulia
435 3999 487 4050 GH
503 3996 567 4061 (scil.
585 3988 687 4050 coronn
704 3997 718 4048 l
734 4015 758 4048 rs
776 4001 792 4051 i.
811 4014 833 4050 e.
852 4013 954 4049 corona
971 3998 1018 4048 vel
1042 3998 1170 4063 coronis).
1194 3993 1205 4065 Η
1230 4003 1244 4049 7
1264 3997 1420 4048 inclinatis:
1444 4002 1482 4049 sic

343 4084 401 4135 GH.
424 4079 437 4150 Η
461 4086 493 4134 10
511 4099 580 4134 exea
599 4085 633 4135 G:
657 4082 680 4133 dr
698 4099 732 4135 ea
750 4084 783 4133 H
796 4081 877 4147 (hle).
902 4078 914 4150 Η
938 4085 969 4134 13
987 4084 1047 4133 esse
1061 4121 1067 4134 .
1080 4082 1242 4148 tryglyphos
1260 4090 1319 4132 ente
1337 4098 1391 4132 ras.
1411 4084 1447 4136 H.
1468 4082 1479 4149 Η

341 4170 372 4219 17
391 4169 428 4218 si:
448 4171 484 4218 sit
501 4174 560 4219 ante
578 4184 632 4222 raa.
652 4168 688 4219 H.
711 4164 724 4234 Η
745 4168 781 4217 is:
800 4167 844 4217 his
864 4167 921 4217 GH.
945 4163 957 4233 Η
981 4169 1012 4218 19
1037 4166 1171 4217 denticuli
1193 4169 1233 4222 ed,
1256 4169 1309 4219 Fa:
1333 4166 1482 4218 denticulis

343 4254 401 4303 GH.
424 4249 437 4319 Η
460 4255 493 4304 20
510 4258 626 4317 utraque
644 4253 716 4307 doc:
735 4252 845 4316 utrique
866 4253 926 4302 GH.
947 4248 960 4317 Η
984 4254 1015 4301 21
1034 4251 1323 4316 intervallametophe
1345 4250 1482 4319 Gl—phe

343 4337 400 4400 dcl:
418 4337 597 4388 intervallum
614 4336 708 4403 &ephe
726 4338 758 4386 H
773 4334 852 4401 (aa).
877 4334 889 4404 Η
910 4340 942 4387 22
962 4336 1048 4401 ophas
1063 4338 1122 4388 GH.
1144 4332 1156 4401 Η
1178 4335 1318 4386 cubicula:
1337 4339 1375 4386 sie
1394 4338 1452 4388 GH.
1469 4335 1479 4404 Η

343 4424 521 4487 sepertinere
542 4438 610 4473 corr.
636 4423 665 4473 G.
693 4417 705 4489 Η
732 4425 765 4474 23
784 4438 855 4473 cava
872 4423 910 4474 L:
935 4422 1007 4472 caba
1027 4422 1080 4470 GH
1096 4419 1150 4484 (tc).
1174 4415 1185 4484 Η
1209 4422 1242 4468 24
1260 4435 1327 4485 opas
1345 4421 1483 4471 estinter-

342 4507 460 4571 tigrium
477 4507 547 4559 ἆσαι
567 4506 654 4572 ophas
667 4511 695 4557 et
714 4506 747 4573 (dr
758 4507 802 4571 H)
815 4508 968 4572 intertignr'r
988 4506 1047 4556 GH.
1071 4501 1083 4570 Η
1106 4503 1234 4569 metcpha
1248 4509 1291 4553 est
1304 4504 1328 4567 (e
1343 4503 1373 4568 G)
1395 4506 1453 4556 GH.
1469 4504 1480 4571 Η

341 4608 597 4663 nominaremus:
615 4612 680 4659 -ta
699 4608 757 4659 GH.
781 4605 793 4675 Η
819 4611 852 4660 26
875 4610 915 4658 ita
933 4607 974 4657 uti
992 4610 1084 4657 autem
1108 4588 1170 4669 (ant
1190 4606 1235 4669 G):
1263 4608 1300 4655 sic
1324 4606 1381 4657 GH.
1411 4603 1424 4674 Η
1450 4608 1482 4658 28

342 4693 436 4744 terunt
454 4694 476 4745 G
493 4690 554 4760 (le
574 4694 685 4745 fuerunt
701 4694 733 4743 H
748 4692 802 4759 (lc).
