3984 5825
522 644 586 707 232
1013 648 1171 696 vrrauvn

524 811 754 894 negotiatores,
777 806 832 892 qui
854 803 896 867 ad
917 810 1079 866 extremas
1095 802 1242 889 Aegypti
1263 805 1414 889 regiones
1437 808 1674 894 proximasque

526 908 651 975 ultimis
673 908 793 972 linibus
815 916 918 970 terrae
940 903 1184 968 terminationes
1206 903 1347 969 suerunt.

614 1010 662 1074 lio
684 1007 797 1073 mundi
820 1007 905 1070 circa
926 1016 1046 1070 terram
1060 1002 1291 1091 pervolitantia
1306 1004 1546 1096 duodecimque
1560 1013 1670 1097 signo·
1691 1025 1746 1090 (VI)

529 1136 600 1177 rum
616 1134 658 1176 ex
673 1106 917 1197 septentrionali
932 1105 1173 1193 meridianaque
1187 1115 1280 1192 parte
1294 1108 1438 1173 siderum
1455 1110 1674 1198 dispositione

498 1237 513 1281 :s
531 1225 567 1280 ut
589 1215 632 1279 sit
656 1218 826 1300 perspecta
847 1207 953 1273 docui.
996 1229 1135 1293 namque
1164 1229 1207 1271 ex
1233 1229 1271 1272 ea
1291 1210 1406 1275 mundi
1429 1217 1618 1280 versatione
1641 1228 1674 1282 et

532 1317 693 1383 contrario
713 1311 791 1378 solis
813 1331 869 1397 per
878 1311 977 1395 'signa
991 1330 1089 1374 cursu
1102 1331 1361 1398 gnomonumque
1374 1316 1672 1401 aequinoctialibus

533 1419 658 1485 umbris
680 1413 964 1481 analemmatorum
986 1411 1195 1475 inveniuntur
1215 1411 1461 1500 descriptiones.
1497 1428 1609 1485 cetera
1631 1437 1705 1486 exa

535 1518 730 1606 astrologia,
758 1536 837 1603 quos
864 1513 995 1578 effectus
1022 1511 1163 1577 habeant
1190 1514 1283 1599 signa
1312 1532 1380 1599 ΧΗ,
1409 1516 1524 1583 stellae
1545 1539 1581 1604 v,
1611 1522 1671 1608 sol,

536 1626 613 1690 luna
633 1622 676 1687 ad
696 1621 855 1685 humanae
876 1614 965 1679 vitae
990 1614 1162 1696 rationem,
1191 1612 1425 1682 Chaldaeorum
1447 1621 1671 1690 ratiocinatio-

491 1751 519 1795 m
536 1728 632 1794 nibus
655 1734 704 1790 est
725 1716 982 1799 concedendum,
1009 1713 1095 1802 quod
1122 1717 1252 1803 propria
1278 1727 1327 1782 est
1353 1741 1464 1789 eorum
1485 1725 1670 1807 genethlia-

538 1831 643 1918 logiae
664 1828 747 1892 ratio
769 1823 817 1890 uti
838 1821 963 1910 possint
982 1815 1144 1882 antefacta
1165 1827 1197 1882 et
1217 1817 1327 1884 futura
1348 1843 1390 1886 ex
1410 1825 1672 1893 ratiocinationi-

538 1935 599 1999 bus
614 1943 774 1996 astrorum
790 1922 963 2012 explicare.
1005 1941 1114 1984 eorum
1127 1929 1234 1984 autem
1247 1922 1449 1991 inventiones
1463 1925 1672 2014 reliquerunt

539 2040 637 2123 inque
664 2029 808 2098 sollertia
834 2022 1098 2109 acuminibusque
1129 2020 1257 2087 fuerunt
1282 2026 1406 2110 magnis
1439 2029 1495 2114 qui
1522 2029 1565 2095 ab
1597 2034 1672 2120 ipsa

537 2139 668 2202 natione
683 2128 918 2197 Chaldaeorum
939 2123 1172 2210 profluxerunt,
1195 2123 1376 2212 primusque
1397 2125 1538 2195 Berosus
1559 2133 1598 2197 in
1620 2135 1670 2199 in-

490 2261 517 2302 re
536 2236 607 2302 sula
629 2245 660 2297 ct
682 2232 815 2294 civitate
830 2226 897 2289 Coo
919 2222 1065 2287 consedit
1083 2223 1194 2307 ibique
1215 2228 1338 2314 apertuit
1352 2226 1569 2317 disciplinam,
1594 2247 1671 2322 post

534 2339 563 2398 ei
586 2332 719 2395 studens
741 2326 915 2407 Antipater
937 2322 1116 2403 iterumque
1138 2324 1380 2414 Athenodorus,
1402 2333 1458 2418 qui
1480 2335 1581 2399 etiam
1603 2360 1671 2403 non

532 2455 549 2495 e
571 2426 738 2492 nascentia
765 2421 822 2485 sed
850 2442 891 2483 ex
913 2420 1122 2503 conceptione
1148 2428 1416 2518 genethlialogiae
1441 2435 1586 2502 rationes
1610 2461 1668 2504 ex-

530 2528 664 2617 plicatas
680 2521 821 2605 reliquit.
864 2517 905 2580 de
919 2519 1123 2588 muralibus
1137 2537 1247 2594 autem
1260 2531 1356 2598 rebus
1370 2533 1485 2601 Thales
1500 2537 1668 2625 Milesius,
1689 2557 1706 2603 3

528 2631 740 2706 Anaxagffl‘afl
770 2616 1011 2702 clamemus>
1041 2622 1245 2714 Pythagoras
1268 2632 1410 2718 Samius,
1443 2636 1670 2728 Xenophanes

477 2756 509 2802 -20
528 2721 760 2807 Colophonius,
783 2715 988 2782 Democritus
1011 2721 1189 2794 Abderites
1211 2735 1368 2822 rationes,
1391 2738 1506 2825 quihus
1530 2764 1590 2808 eae
1613 2768 1667 2810 res

525 2835 639 2892 natum
660 2837 766 2883 rerum
787 2814 1056 2906 gubernarentur,
1080 2833 1351 2914 quemadmodum
1372 2861 1507 2948 cumque
1527 2844 1667 2913 effectus

525 2925 662 2991 habeant
691 2917 891 2999 excogitatas
919 2920 1131 3008 reliquemnt.
1176 2958 1311 3021 quorum
1338 2942 1470 3016 inventa
1490 2949 1597 3012 secuti
1621 2953 1665 3015 si-

523 3026 635 3090 derum
650 3026 739 3080 ortus
761 3024 793 3077 et
814 3038 946 3084 occasus
963 3033 1270 3123 tempestatiumque
1285 3042 1484 3127 significatas
1500 3047 1665 3117 Eudoxus
1698 3084 1701 3087 .

523 3126 703 3190 Euctemon
725 3114 895 3203 Callippus
917 3122 1007 3190 Meto
1035 3127 1206 3221 Philippus
1235 3140 1443 3230 Hipparchus
1462 3147 1588 3217 Aratus
1611 3174 1663 3217 ce·

523 3294 748 3314 ‚...--——

561 3458 564 3462 .
587 3402 674 3454 exn
692 3416 743 3466 que
762 3404 818 3454 EG.
841 3402 854 3472 ΙΙ
876 3409 891 3458 5
909 3421 1057 3479 perspecta
1075 3421 1159 3479 Man:
1177 3437 1306 3495 pspectus
1324 3434 1409 3488 ΕΘΗ.
1426 3434 1439 3504 ΙΙ
1458 3454 1483 3493 v.
1502 3430 1662 3496 ceontmrie

520 3492 552 3542 Ε,
574 3485 586 3553 Η
613 3485 769 3549 gnominum
792 3489 878 3542 ΕΘΗ.
902 3491 915 3560 ΙΙ
938 3500 1154 3567 'lunulam-lc
1170 3512 1229 3577 ΕΘ)
1253 3521 1458 3586 natoru(—rnm
1475 3522 1512 3591 E)
1535 3526 1623 3583 ΕΘΗ.
1645 3528 1658 3594 Ιξ

418 3597 420 3602 -
518 3580 535 3627 8
553 3568 705 3633 astralogia
726 3570 780 3623 EG.
804 3569 816 3638 ΙΙ
839 3574 1134 3642 bancornensem
1156 3590 1168 3659 Η
1186 3597 1240 3648 XII
1327 3604 1363 3653 V:
1381 3609 1419 3657 sic
1435 3608 1522 3660 Beli.
1542 3608 1557 3679 Η
1576 3616 1593 3663 9
1610 3615 1659 3665 hu·

517 3668 614 3707 manae
631 3652 700 3700 doc:
719 3658 787 3704 -ni
804 3645 889 3710 ΕΘΗ.
913 3658 926 3727 ΙΙ
953 3667 984 3716 10
1003 3670 1085 3733 quod:
1109 3678 1175 3738 quia
1197 3681 1231 3735 Ε.
1254 3681 1267 3750 ΙΙ
1294 3690 1327 3737 10
1349 3687 1387 3753 (et
1405 3692 1448 3756 1⁷)
1471 3696 1658 3759 genethlialo-

504 3740 578 3805 giae
600 3735 671 3784 doc:
698 3740 892 3808 gentililogiae
916 3746 1002 3801 ΕΘΗ.
1030 3750 1042 3820 ΙΙ
1071 3759 1101 3807 12
1118 3759 1294 3821 inventiones
1316 3773 1488 3839 reliquerunt
1508 3780 1594 3847 inque
1617 3783 1657 3848 (in

515 3834 584 3887 quae
604 3817 644 3878 H,
666 3819 749 3888 inqnq
768 3824 813 3889 (pc)
835 3827 974 3881 sollertia:
1003 3839 1042 3887 stc
1059 3841 1144 3896 ΕΘΗ.
1168 3841 1183 3915 Η
1209 3854 1240 3901 15
1258 3869 1321 3906 coo:
1348 3860 1386 3909 sic
1404 3861 1490 3913 ΕΘΗ.
1512 3860 1525 3929 ΙΙ
1547 3872 1612 3931 post
1629 3870 1654 3919 ci

514 3905 621 3969 (postea
650 3904 676 3952 ei
698 3906 792 3971 Mani:
825 3919 887 3976 post
916 3932 950 3965 ea
976 3919 1062 3973 ΕΘΗ.
1089 3922 1101 3993 ΙΙ
1129 3933 1161 3983 16
1187 3934 1338 4005 iterumque
1367 3945 1551 4013 achinapolus
1577 3954 1656 4005 ΕΘΗ

512 3985 713 4050 (Athenodorus
739 3993 807 4060 epo).
835 3992 847 4061 Η
875 4000 906 4047 19
930 4000 1115 4063 clazomenins
1137 4017 1207 4068 Joa:
1238 4021 1400 4089 glagomeus
1422 4029 1509 4087 ΕΘΗ.
1532 4030 1544 4099 ΙΙ
1572 4052 1653 4087 aeno-

488 4137 491 4145 ,
510 4068 616 4136 phanes
635 4073 721 4124 ΕΘΗ.
740 4073 753 4142 ΙΙ
773 4081 807 4128 20
825 4082 923 4144 quibus
948 4101 999 4138 aas
1021 4106 1066 4143 res
1084 4114 1142 4161 epo:
1167 4103 1266 4166 quibus
1291 4112 1389 4162 erebus
1411 4110 1500 4180 (quib3
1519 4119 1594 4184 ereb3
1611 4121 1651 4184 H)

510 4152 596 4204 ΕΘΗ.
619 4151 631 4219 ss
654 4159 685 4205 21
704 4159 935 4224 gubernarentur:
949 4176 1003 4223 cie
1024 4177 1109 4229 EGH.
1131 4179 1142 4249 ΙΙ
1172 4202 1251 4250 quem
1271 4191 1415 4246 admodum
1439 4214 1529 4266 eumq:
1547 4203 1581 4260 Ε,
1601 4210 1651 4269 que

508 4235 626 4287 admodil
652 4244 714 4309 cirq3
737 4246 778 4304 H,
800 4252 897 4315 -cirq,
919 4253 949 4304 G.
977 4254 990 4324 Η
1016 4264 1049 4312 22
1071 4264 1193 4326 habeant
1214 4273 1302 4326 Rode:
1331 4278 1436 4332 habeat
1458 4284 1544 4341 ΕΘΗ.
1567 4285 1580 4355 ΙΙ
1603 4306 1649 4340 ex·

509 4318 647 4382 cogitatas
670 4328 724 4376 ed:
751 4334 830 4382 -tus
856 4334 943 4388 ΕΘΗ.
971 4338 984 4407 ΙΙ
1010 4345 1104 4398 sideris
1126 4350 1149 4401 dr
1176 4354 1215 4417 (et
1237 4358 1297 4425 ΕΘ)
1321 4378 1438 4418 occasus
1461 4369 1540 4422 ΕΘΗ
1562 4372 1647 4440 (ortus

506 4404 590 4465 suppl.
611 4405 707 4472 Mach,
725 4420 787 4477 apto
805 4418 860 4469 loco
877 4420 981 4489 sara).
1004 4424 1016 4491 Η
1039 4432 1071 4481 23
1089 4436 1336 4512 tempestatumque
1356 4449 1441 4502 ΕΘΗ.
1469 4450 1482 4520 Ι]
1509 4456 1647 4522 signifiea-

506 4490 551 4535 tus
568 4485 599 4534 H
614 4484 699 4555 (Ltc):
717 4499 793 4547 -tes
812 4500 869 4551 ΕΘ.
892 4499 905 4569 Η
927 4508 960 4556 24
979 4510 1130 4565 Euctemon
1147 4520 1231 4573 Rode:
1252 4529 1402 4584 suchemon
1421 4537 1450 4585 Η
1467 4536 1545 4604 (blo),
1565 4556 1646 4592 euze-

507 4581 570 4619 mon
587 4570 644 4623 ΕΘ.
666 4571 679 4640 Η
703 4576 846 4646 Callippus
863 4586 948 4639 Rode:
967 4593 1093 4649 callistus
1112 4601 1197 4655 ΕΘΗ.
1212 4601 1224 4672 Η
1241 4608 1315 4663 Meto
1327 4615 1413 4671 Rode:
1433 4621 1517 4674 mello
1528 4624 1616 4681 ΕΘΗ.
1631 4625 1643 4691 l

506 4651 642 4713 hyparcus
659 4658 696 4720 H,
714 4660 871 4727 hypparcus
888 4671 946 4727 ΕΘ.
