3984 5825
701 688 748 734 ns
771 686 1036 735 sacmrscrmm
1062 689 1129 734 sin.
1153 690 1213 735 vu.
1405 679 1409 687 '
1470 674 1530 737 163
1584 732 1592 745 ,

384 863 427 905 ne
449 842 721 907 commisceantur
735 863 814 905 axes
836 839 992 905 aesculini
1016 862 1147 927 quercu,
1172 839 1257 926 quod
1281 842 1409 926 qucreei
1433 840 1528 904 simul

384 964 530 1007 umorem
563 932 778 1030 perceperunt
810 965 845 1008 sc
877 951 1066 1028 torquentes
1098 943 1196 1004 rimas
1226 941 1350 1004 faciunt
1377 943 1529 1028 inpavi-

383 1046 516 1131 mentis.
565 1044 617 1109 sin
644 1053 753 1109 autem
779 1042 926 1109 aesculus
954 1067 1019 1109 non
1042 1045 1102 1106 crit
1126 1052 1158 1107 et
1178 1045 1355 1107 necessitas
1378 1046 1529 1127 coegerit,

384 1155 519 1234 propter
547 1145 691 1232 inopiam
719 1148 865 1232 querceis
895 1146 943 1210 sic
965 1145 1096 1209 videtur
1119 1167 1189 1208 esse
1211 1143 1399 1209 faciundum
1422 1154 1457 1207 ut
1480 1166 1527 1207 se·

383 1256 501 1312 centur
532 1248 708 1312 tenuiores.
762 1269 825 1334 quo
858 1248 965 1311 minus
1001 1248 1087 1310 enim
1117 1245 1295 1328 valuerint,
1330 1267 1366 1310 eo
1399 1244 1562 1309 faciliusa

385 1347 491 1413 clavis
505 1348 566 1413 fixi
581 1347 842 1414 continebuntur.
887 1347 1008 1411 deinde
1030 1349 1065 1412 in
1088 1346 1226 1431 singulis
1250 1348 1350 1430 tignis
1375 1348 1528 1411 extremis

383 1448 535 1537 partibus
549 1471 629 1514 axes
644 1448 732 1515 binis
748 1448 852 1514 clavis
866 1448 1008 1533 figantur
1017 1498 1027 1532 ,
1049 1449 1099 1514 uti
1113 1447 1202 1512 nulla
1220 1470 1267 1516 ‚cx
1289 1458 1380 1534 parte
1402 1450 1529 1533 possint

383 1573 420 1616 se
450 1550 632 1638 torquendo
659 1551 795 1637 angulos
824 1550 979 1615 excitare.
1030 1572 1169 1637 namque
1199 1549 1240 1613 dc
1263 1571 1353 1613 cerro
1375 1559 1430 1612 aut
1452 1549 1529 1634 fago

383 1673 442 1716 seu
458 1652 552 1717 farno
573 1650 680 1717 nullus
703 1649 746 1714 ad
768 1661 966 1717 vetustatem
989 1661 1098 1737 potest
1119 1673 1318 1739 permanere.
1363 1651 1527 1714 coaxatio·
1627 1682 1630 1687 ¹

381 1753 479 1820 nibus
497 1753 594 1820 factis
615 1753 645 1817 si
667 1753 740 1836 erit,
763 1751 845 1837 filix,
869 1755 897 1818 si
919 1775 994 1836 non,
1018 1752 1111 1838 palea
1133 1754 1368 1833 substernatur,
1391 1753 1440 1815 uti
1462 1775 1527 1815 ma·
1547 1763 1579 1810 10

344 1856 483 1921 ateriae
498 1853 541 1919 ab
563 1852 661 1918 calcis
681 1855 772 1919 vitiis
795 1854 1002 1919 defendatur.
1046 1865 1124 1920 tunc
1146 1857 1278 1941 insuper
1300 1854 1528 1918 statuminetur

380 1979 423 2021 ne
437 1957 564 2022 minore
587 1977 666 2021 saxo
682 1977 779 2042 quam
802 1957 888 2042 quod
910 1956 1014 2043 possit
1036 1978 1167 2020 manum
1189 1954 1336 2043 implere.
1380 1957 1527 2020 statumi-

380 2056 571 2124 nationibus
592 2055 738 2122 inductis
761 2058 862 2122 rudus
884 2059 913 2122 si
935 2080 1055 2121 novum
1079 2059 1156 2138 crit,
1179 2056 1220 2120 ad
1243 2067 1309 2131 tres
1333 2066 1441 2143 partos
1463 2079 1527 2120 una

380 2158 483 2224 caleis
498 2159 689 2239 misceatur,
713 2159 742 2221 si
763 2158 950 2224 redivivum
973 2158 1087 2241 fuerit,
1112 2158 1254 2244 quinque
1275 2155 1318 2220 ad
1340 2157 1421 2221 diras
1444 2160 1526 2222 mix-

379 2260 482 2326 tionis
503 2259 645 2325 babcant
667 2280 869 2345 responsum.
913 2259 1033 2324 deinde
1054 2259 1155 2325 rudus
1177 2259 1351 2323 inducatur
1373 2269 1404 2322 et
1427 2262 1578 2324 vecti-15

380 2362 444 2426 bus
466 2360 604 2447 ligneis,
632 2360 774 2426 decuriis
796 2361 951 2443 inductis,
975 2361 1135 2426 crebriter
1157 2361 1333 2446 pistatione
1359 2359 1526 2444 solidetur,

380 2471 414 2526 et
429 2460 465 2525 id
480 2483 546 2527 nen
559 2463 666 2527 minus
687 2463 810 2548 pistum
832 2461 1018 2527 absolutum
1041 2461 1258 2526 crassitudine
1280 2463 1324 2526 sit
1347 2462 1526 2528 dodrantis.

378 2565 515 2650 iusuper
529 2584 572 2629 ex
586 2571 671 2627 testa
685 2562 819 2628 nucleus
841 2563 1015 2628 inducatur
1036 2565 1229 2628 mixtionem
1251 2561 1374 2626 habens
1396 2563 1439 2626 ad
1461 2574 1526 2629 tres

378 2673 492 2752 partes
519 2685 618 2729 unam
645 2662 762 2747 calcis,
791 2686 832 2729 ne
854 2665 978 2730 minore
1002 2663 1218 2728 crassitudine
1240 2664 1418 2750 pavimenti
1442 2664 1525 2749 digi-

378 2775 496 2851 torum,
509 2785 632 2831 senum.
677 2788 774 2852 supra
788 2764 938 2831 nucleum
959 2766 1002 2829 ad
1024 2764 1169 2850 regulam
1193 2774 1225 2829 et
1246 2762 1389 2828 libellam
1412 2756 1527 2830 exacta
1544 2776 1578 2823 20

337 2886 358 2934 4
380 2867 572 2956 pavimenta
597 2874 764 2934 struantur
791 2868 862 2933 sive
889 2864 1016 2932 sectilia
1044 2888 1101 2930 seu
1130 2870 1270 2929 tesseris.
1315 2887 1387 2929 cum
1410 2888 1448 2929 ca
1470 2888 1524 2930 ox-

378 2978 488 3034 trueta
526 2966 649 3033 fuerint
688 2978 720 3034 et
758 2968 893 3054 fastigia
935 2990 1026 3032 suam
1066 2967 1302 3031 extructionem
1341 2966 1524 3051 habuerint,

378 3073 429 3136 ita
461 3068 621 3135 fricentur
652 3071 701 3135 uti
730 3072 759 3135 si
777 3069 913 3136 xsectilia
941 3072 1021 3151 sint,
1060 3067 1142 3132 nulli
1173 3067 1294 3153 gradus
1323 3068 1357 3131 in
1391 3067 1524 3133 scutulis

277 3160 283 3169 ⁰
377 3179 438 3237 aut
459 3172 599 3257 trigonis
620 3180 677 3236 aut
699 3170 867 3259 quadratis
894 3192 951 3235 seu
978 3170 1064 3234 favis
1092 3177 1216 3251 extent,
1239 3168 1297 3232 sed
1320 3177 1523 3254 coagmento—

450 3448 464 3496 1
484 3460 599 3511 quercu:
618 3459 720 3511 querco
741 3446 800 3496 GH.
824 3441 836 3511 ΙΙ
860 3446 983 3511 quercui:
1002 3444 1125 3508 querqui
1149 3444 1202 3494 GH
1218 3440 1287 3509 (Ld,
1312 3445 1422 3508 quercui
1447 3446 1481 3496 0⁶
1499 3454 1524 3495 et

378 3536 441 3582 ante
457 3545 530 3582 corr.
548 3530 580 3589 L,
600 3529 694 3595 querci
712 3527 762 3593 ed).
786 3525 798 3595 {l
821 3530 836 3577 2
859 3533 1042 3596 perceperunt
1063 3530 1093 3577 II
1116 3526 1200 3592 (Lep
1224 3530 1399 3594 perceperint
1421 3531 1449 3579 G.
1474 3527 1486 3596 ΙΙ
1508 3534 1524 3580 4

376 3616 422 3668 uti
437 3621 498 3681 poet
516 3614 638 3679 inopiam
660 3616 721 3665 add.
738 3614 795 3666 Joc.
821 3609 833 3678 ΙΙ
854 3612 992 3677 querceis:
1017 3613 1125 3675 quercis
1150 3610 1278 3676 (iidie),
1303 3616 1430 3677 quaercis
1453 3615 1489 3663 ΙΙ.
1510 3613 1521 3679 ii

378 3697 541 3751 faciundum
559 3698 588 3748 H
606 3694 690 3764 (Lie):
715 3696 845 3747 faciendi}
867 3697 896 3747 G.
919 3692 932 3761 ΙΙ
958 3698 974 3747 b
997 3696 1098 3748 minum
1121 3698 1158 3746 Η.
1182 3692 1194 3762 Η
1216 3698 1231 3746 6
1255 3698 1474 3747 contenebuntur
1496 3700 1526 3746 ΙΙ

379 3780 439 3848 (ir).
463 3778 476 3849 Ι]
499 3784 600 3834 'taxes
621 3781 695 3834 binis
714 3781 801 3832 clavis
828 3780 873 3846 (cf.
892 3779 968 3846 epit.)
993 3780 1083 3831 Selia:
1108 3781 1168 3831 axis
1191 3781 1250 3830 bini
1274 3778 1350 3844 (boni
1373 3789 1431 3831 ante
1453 3798 1521 3831 aar.

380 3869 415 3932 G)
435 3865 510 3918 clavi
529 3866 588 3918 GH.
611 3862 624 3934 ΙΙ
646 3866 662 3916 8
681 3865 797 3932 angulos
816 3865 905 3914 Sada:
926 3865 1021 3930 anguli
1042 3865 1100 3914 GH.
1120 3861 1132 3931 ΙΙ
1154 3868 1185 3915 10
1202 3865 1261 3914 filix
1275 3864 1370 3929 (epit.):
1390 3865 1452 3914 filex
1473 3866 1524 3913 (ill

379 3951 440 4015 (H,
458 3950 529 4002 silex
551 3948 602 4014 cd).
626 3945 639 4015 ss
663 3951 694 4000 12
717 3949 788 4013 quod
817 3950 894 4000 Part:
925 3950 971 4013 qui
995 3949 1046 3999 GH
1070 3950 1105 4010 (et
1128 3949 1211 4013 epit).
1235 3944 1247 4013 ll
1274 3952 1303 3997 13
1327 3948 1443 3996 inductis
1467 3950 1522 3998 ed:

378 4035 511 4088 inductus
530 4034 590 4090 ali.
613 4029 625 4100 ΙΙ
649 4035 681 4084 14
700 4032 820 4084 adduas
838 4049 898 4097 epo:
922 4032 1041 4094 adduam
1061 4034 1118 4083 GH.
1143 4029 1154 4097 ΙΙ
1177 4033 1316 4083 mixtionis
1334 4047 1392 4095 epo:
1413 4033 1522 4080 mixtio-

318 4115 326 4130 '
378 4134 429 4169 nee
447 4118 508 4172 011.
530 4114 544 4185 ss
566 4118 598 4169 15
615 4116 699 4168 rudus
719 4118 751 4168 G:
770 4116 884 4167 inrudus
902 4118 931 4165 H
949 4115 1000 4179 (Li,
1019 4116 1123 4166 inrudis
1142 4117 1193 4177 rt).
1210 4113 1222 4181 ll
1242 4117 1273 4165 1o
1293 4116 1443 4179 pistatione
1462 4132 1521 4179 epo:

378 4203 537 4269 piscatione
560 4202 591 4252 Η
614 4200 671 4266 (ὶὶ,
695 4200 832 4266 pisatione
851 4200 906 4267 cle),
934 4202 1091 4266 pinsatione
1111 4201 1140 4249 G.
1166 4197 1177 4266 ll
1205 4202 1235 4250 li
1260 4203 1287 4248 et
1310 4199 1337 4247 id
1361 4214 1414 4248 noa
1432 4201 1521 4248 minus

378 4287 501 4353 pinsumr
519 4288 558 4344 rto
576 4286 627 4336 GH
645 4285 756 4350 (pistum
774 4301 833 4351 epo,
856 4293 882 4336 ut
899 4303 926 4350 p.
946 4289 1004 4347 164,
1024 4284 1077 4348 20).
1100 4280 1111 4349 ΙΙ
1136 4284 1289 4334 absolutum
1314 4283 1363 4333 Gll
1380 4282 1424 4346 (h,
1444 4282 1522 4333 adso·

378 4386 466 4438 lidum
483 4389 508 4437 le
527 4382 665 4453 [obsolido
681 4384 731 4450 Π).
756 4382 823 4452 ΙΙ-18
842 4374 954 4437 nrrclebs
973 4386 1013 4447 II,
1038 4385 1142 4435 nedcus
1165 4392 1223 4435 anie
1241 4401 1310 4436 corr.
1331 4385 1359 4434 G.
1385 4380 1396 4448 ΙΙ
1420 4385 1451 4433 19
1474 4400 1520 4447 pa·

378 4470 495 4522 timenti
512 4485 572 4537 epo:
590 4469 774 4536 pavimentum
787 4468 874 4536 (-to)
889 4471 939 4521 GII
952 4469 999 4533 (sit
1008 4478 1067 4519 ante
1081 4485 1117 4519 cr.
1131 4485 1156 4534 p.
1168 4471 1228 4520 add.
1241 4467 1318 4533 doe).
1334 4465 1346 4533 {l
1362 4470 1394 4517 20
1408 4468 1520 4517 aedeum

380 4562 440 4606 aare
457 4570 528 4608 corr.
548 4554 579 4606 G.
602 4551 615 4621 ΙΙ
637 4556 668 4604 21
688 4555 798 4606 sectilia
822 4556 873 4604 ol!
896 4552 945 4618 (L,
964 4552 1083 4603 sectaiia
1106 4553 1149 4615 le).
1173 4550 1185 4618 ll
1212 4555 1244 4602 22
1268 4567 1343 4601 suurn
1366 4554 1406 4604 ed.
1430 4550 1520 4616 (rer,):

381 4653 431 4690 sna
459 4638 518 4692 011.
546 4635 559 4705 ss
586 4638 799 4690 exstructionem
828 4638 1007 4702 (eustrationd
1033 4636 1078 4703 (r'):
1110 4639 1148 4686 rie
1176 4637 1234 4687 alr.
1262 4632 1275 4703 1]
1303 4638 1337 4687 24
1359 4637 1438 4702 pavis
1462 4646 1521 4687 crite

379 4736 447 4777 cerr.
468 4722 498 4777 θ.
742 4734 745 4741 ·

1256 4804 1319 4869 11*
