3984 5825
629 674 676 720 ou
700 673 966 722 anoruraoroaa
991 678 1060 725 mn.
1077 680 1149 728 viu.
1401 666 1460 731 199

314 836 529 908 venenatam,
552 826 599 890 uti
623 825 726 891 luisse
749 827 870 892 dieitur
892 827 1088 894 Terracinae
1110 831 1183 896 fons
1207 836 1262 919 qui
1280 834 1460 899 vocabatur

313 931 520 1016 Neptunius,
544 951 586 993 ex
609 952 671 1015 quo
694 931 748 1017 qui
776 929 927 995 biberant
954 933 1167 1020 inprudentes
1190 937 1259 999 vita
1287 936 1460 1022 privaban-

311 1043 377 1098 tur.
409 1041 605 1119 quapropter
618 1032 745 1118 antiqui
761 1053 834 1096 eum
849 1031 1057 1099 obstruxisse
1072 1035 1234 1101 dicuntur.
1273 1048 1304 1102 et
1320 1038 1458 1104 (llrrobsi

311 1134 456 1198 Thracia
478 1131 584 1215 lacus,
608 1155 650 1197 ex
672 1156 735 1220 quo
757 1156 822 1198 non
843 1134 946 1199 solum
962 1137 1018 1221 qui
1041 1136 1185 1202 biberint
1206 1140 1387 1203 moriuntur
1402 1141 1459 1203 sed

312 1237 413 1301 otiam
437 1236 493 1322 qui
516 1233 666 1299 laverint.
709 1236 789 1299 item
810 1236 845 1299 in
867 1235 1038 1301 Thessalia
1060 1237 1133 1319 fens
1149 1249 1198 1303 est
1220 1239 1394 1327 profluens,
1418 1257 1493 1306 ext

312 1362 379 1426 quo
403 1337 493 1403 sonte
507 1357 569 1400 nee
583 1359 682 1423 pecus
697 1335 800 1401 ullum
822 1347 932 1423 gustat
954 1360 1015 1403 nee
1038 1339 1215 1405 bestiarum
1238 1364 1341 1427 genus
1358 1329 1459 1406 ullum

313 1441 450 1529 propius
471 1438 615 1522 aceedit,
643 1437 803 1525 adquam
830 1439 952 1504 fontem
980 1443 1129 1529 proximo
1153 1452 1202 1507 est
1223 1444 1321 1508 arbor
1341 1444 1459 1508 florens

263 1561 292 1608 re
315 1564 478 1632 purpureo
501 1540 617 1607 colore.
661 1563 726 1605 non
747 1541 856 1606 minus
879 1543 914 1607 in
935 1542 1206 1631 Macedoniaque
1229 1545 1290 1609 loci
1313 1545 1459 1632 sepultus

314 1656 366 1710 ost
398 1642 591 1732 Euripides,
629 1643 746 1708 dextra
778 1665 816 1706 ae
846 1644 979 1708 sinistra
1012 1649 1214 1711 monumenti
1244 1647 1457 1712 advenientes

314 1748 380 1812 duo
402 1747 469 1811 rivi
492 1755 688 1810 concurrunt
709 1747 744 1808 in
765 1768 882 1829 unum,
907 1746 1058 1831 equibus
1080 1746 1123 1810 ad
1144 1771 1245 1812 unum
1267 1749 1458 1813 aecunrben-
1480 1767 1510 1817 lo

315 1861 364 1914 tes
392 1850 536 1913 viatores
563 1847 746 1933 pransitare
774 1844 878 1910 solent
905 1855 1039 1934 propter
1065 1870 1169 1934 aquae
1191 1849 1386 1933 bonitatem,
1415 1851 1458 1914 ad

316 1952 423 2015 rivum
444 1959 553 2014 autom
578 1948 634 2034 qui
657 1957 706 2012 est
728 1970 769 2012 ex
791 1947 893 2012 altera
915 1959 1007 2034 parte
1029 1952 1229 2016 monumenti
1251 1975 1346 2017 nemo
1368 1976 1457 2016 aeeo-
1500 2010 1502 2015 .

318 2054 366 2118 dit
389 2051 475 2138 quod
498 2049 700 2115 mortiferam
724 2072 840 2135 aquam
863 2049 983 2115 dieitur
1005 2050 1136 2116 habero.
1174 2054 1252 2117 item
1276 2065 1324 2119 est
1347 2057 1380 2119 in
1396 2056 1458 2119 Ar-

318 2153 410 2218 eadia
431 2153 591 2217 Nonacris
614 2153 780 2216 nominata
802 2161 908 2216 terrae
929 2154 1037 2237 regio,
1061 2177 1142 2239 quae
1165 2155 1263 2220 habet
1285 2159 1319 2222 in
1341 2159 1457 2221 monti-

318 2257 376 2321 bus
411 2276 454 2319 ex
481 2275 561 2318 saxo
590 2252 751 2319 stillantes
785 2253 1019 2338 frigidissimos
1047 2278 1186 2321 umores.
1237 2257 1316 2322 haee
1349 2269 1458 2324 autem
1478 2276 1509 2326 15

316 2380 400 2446 aqua
423 2361 555 2438 Στυγος
576 2356 671 2439 adop
691 2357 892 2436 nominatur,
918 2378 1014 2442 quam
1029 2379 1134 2444 neque
1148 2370 1339 2444 argenteum
1354 2383 1459 2446 neque

316 2482 451 2524 aeneum
466 2479 526 2522 nee
547 2457 688 2522 ferreum
705 2480 762 2521 vas
785 2466 893 2545 potest
915 2460 1090 2542 sustinere,
1115 2461 1173 2525 sed
1196 2461 1317 2526 dissilit
1340 2472 1371 2525 ot
1393 2461 1459 2525 ‹lis-

316 2563 451 2648 sipatur.
489 2582 682 2624 conservare
696 2571 804 2624 autem
821 2581 891 2623 earn
908 2569 940 2625 et
956 2562 1122 2625 continere
1137 2560 1219 2627 nihil
1240 2561 1329 2628 aliud
1352 2571 1460 2648 potest

317 2666 379 2729 nisi
402 2659 526 2727 mulina
547 2660 685 2746 migale,
715 2683 778 2748 qua
807 2661 906 2725 etiam
934 2673 1130 2726 memoratur
1157 2664 1199 2727 ab
1222 2665 1397 2750 Antipatro
1425 2666 1458 2728 iu

318 2765 519 2853 provinciam
534 2763 591 2828 ubi
610 2772 679 2827 erat
693 2762 884 2827 Alexander
905 2786 964 2851 per
985 2762 1101 2828 Iollam
1123 2764 1224 2829 lilium
1248 2764 1372 2853 perlata
1387 2788 1457 2829 osse
1476 2786 1508 2831 eo

266 2870 296 2922 ¹⁷
319 2879 349 2933 et
370 2866 466 2932 abeo
482 2887 520 2931 ea
542 2887 626 2953 aqua
648 2864 759 2951 regem
775 2887 845 2931 esse
867 2874 1028 2931 necatum.
1072 2867 1150 2930 item
1165 2866 1307 2953 Alpibus
1331 2869 1365 2931 in
1381 2866 1456 2932 Cot-

316 2971 353 3034 tii
375 2992 476 3055 regno
492 2978 540 3033 est
562 2990 647 3055 aqua
662 2991 704 3032 ex
726 2991 790 3055 qua
805 2969 860 3054 qui
875 2977 1010 3053 gustant
1032 2969 1142 3032 statim
1158 2969 1342 3033 eoneidunt.
1379 2991 1457 3054 agro
1503 3033 1511 3056 s

316 3082 423 3136 autem
446 3070 577 3136 Faliseo
598 3072 654 3136 via
676 3070 843 3157 Campana
864 3071 899 3133 in
922 3093 1036 3157 eampo
1060 3070 1198 3136 Corneto
1227 3080 1276 3135 est
1302 3069 1394 3134 lueus
1423 3072 1455 3132 in
1487 3073 1499 3168 t

319 3197 379 3260 quo
407 3172 481 3238 fons
504 3173 621 3254 oritur,
650 3171 762 3258 ibique
784 3173 894 3236 avium
918 3181 949 3236 et
977 3171 1170 3237 lacertarum
1195 3171 1457 3258 reliquarumque

318 3276 516 3363 serpentium
537 3296 612 3339 ossa
633 3274 772 3338 iacentia
793 3283 962 3361 apparent.
1475 3291 1508 3337 25

386 3468 399 3516 1
418 3468 600 3516 venenatam.
612 3464 653 3513 uti
667 3463 740 3528 (-a
751 3500 756 3512 .
768 3464 809 3514 uti
824 3463 855 3527 G)
869 3462 928 3513 EG:
948 3468 1088 3515 venenata
1101 3465 1167 3514 muti
1179 3465 1209 3514 II
1226 3464 1376 3528 (venenata
1389 3465 1458 3515 muti

321 3555 347 3609 le,
367 3554 446 3600 -ta.
459 3549 526 3600 muti
545 3549 577 3607 L,
596 3548 727 3598 -tautr
744 3547 808 3611 cco).
829 3542 842 3614 1(
866 3551 956 3597 terrae
976 3548 1057 3598 cinae
1082 3548 1229 3616 (ter-reciae
1249 3549 1281 3610 G,
1305 3554 1377 3614 terre
1397 3550 1457 3615 einp

321 3636 354 3700 11)
376 3635 463 3688 noll.
486 3628 498 3699 (Ι
525 3632 741 3698 9ρτὶνε1ιιιιι1υτ
764 3630 792 3696 (ιι
809 3634 835 3682 ta
852 3630 917 3696 ras.)
944 3632 988 3682 Ec,
1010 3628 1022 3699 ll
1047 3636 1134 3699 :tque
1152 3639 1277 3698 propter:
1302 3635 1366 3699 quia
1389 3635 1422 3684 E.
1444 3633 1455 3698 l!

323 3718 537 3771 chrobsithraeia
561 3717 773 3782 (erobsithraeia
796 3717 833 3776 Ε,
856 3716 1074 3769 ehrobsithratia
1093 3713 1131 3782 11)
1155 3719 1240 3772 EGII.
1263 3714 1275 3785 (Ι
1299 3720 1314 3769 5
1337 3718 1458 3769 laberius

324 3801 419 3871 H(L).
444 3799 456 3870 (Ι
479 3802 623 3869 ἵρτορίιιι
647 3802 695 3852 EG
717 3798 775 3868 (lclt
802 3801 929 3867 proprius
951 3802 980 3851 II
999 3799 1054 3866 (L).
1081 3798 1092 3868 Ι(
1115 3803 1131 3852 8
1151 3817 1203 3866 quo
1226 3802 1282 3853 loci
1306 3805 1359 3853 ert:
1385 3803 1457 3867 quod

322 3887 372 3939 lori
384 3890 413 3940 II
425 3886 470 3953 (h,
490 3886 522 3953 qd
543 3887 597 3938 leei
614 3887 654 3950 el,
672 3885 708 3952 qd'
726 3886 795 3939 loeis
813 3887 841 3950 1),
861 3902 913 3952 que
932 3887 991 3937 loeo
1010 3887 1066 3939 EG.
1089 3882 1101 3954 ll
1126 3890 1157 3938 19
1177 3888 1302 3952 equibus
1321 3888 1356 3937 ad
1375 3903 1456 3936 unum

324 3973 378 4025 EG:
401 3989 448 4024 om.
466 3973 497 4023 H
513 3970 597 4040 (lle),
619 3972 662 4023 ubi
678 3974 728 4025 aie:
753 3977 918 4023 concurrunt
935 3972 1048 4031 inunum
1072 3973 1273 4022 accumbentes.
1294 3967 1306 4037 (Ι
1329 3973 1358 4021 11
1378 3987 1457 4036 pran-

322 4059 403 4110 sitare
420 4058 490 4111 doe:
509 4057 660 4110 transitare
679 4058 765 4113 EGH.
787 4053 799 4125 ((
825 4061 856 4107 12
875 4062 967 4108 autem
980 4058 1042 4115 Eli,
1066 4076 1079 4111 a
1102 4060 1131 4110 G.
1155 4053 1166 4124 Ι(
1190 4060 1221 4109 13
1234 4057 1305 4123 quod
1319 4057 1375 4115 GH,
1394 4057 1457 4121 quia

323 4143 351 4194 E.
372 4138 385 4210 (Ι
410 4144 443 4193 14
460 4143 589 4208 nonagris
607 4143 632 4194 E
651 4141 706 4209 (le),
723 4137 737 4192 ri
755 4143 829 4209 agris
849 4142 878 4200 G,
898 4140 1003 4208 filagris
1022 4142 1052 4191 H
1069 4140 1247 4208 (nonlnagris
1265 4142 1308 4206 L).
1332 4138 1344 4209 [Ι
1373 4144 1404 4192 16
1424 4158 1456 4191 ex

322 4241 396 4280 saxo:
415 4224 549 4277 steneli.
566 4223 578 4293 Ι(
595 4229 626 4277 16
644 4242 718 4291 equa
735 4228 842 4293 styglos
861 4227 947 4291 hydor
962 4228 989 4286 G,
1010 4242 1096 4291 aquas
1110 4225 1201 4291 tygles
1213 4226 1299 4291 hydor
1311 4227 1364 4277 EI!
1378 4227 1455 4290 (Llc).

322 4327 385 4363 corr.
407 4313 449 4363 ed.
471 4307 483 4378 Ι(
508 4317 650 4377 argentum
674 4313 709 4361 II.
738 4308 749 4377 ΙΙ
778 4314 809 4362 17
831 4328 884 4362 nee
905 4312 1038 4363 ferreum:
1068 4313 1106 4362 sie
1123 4310 1208 4363 EGII.
1234 4307 1246 4377 (Ι
1270 4314 1300 4362 19
1320 4326 1373 4378 qua
1397 4328 1455 4376 epo:

323 4411 388 4461 quae
403 4395 441 4461 (a)
455 4396 539 4447 EGII.
560 4392 572 4462 (Ι
594 4398 627 4446 20
644 4396 814 4462 provinciam
834 4398 887 4446 ed:
906 4398 986 4446 -eia
1005 4396 1090 4448 EGH.
1116 4392 1127 4462 Ι(
1149 4396 1348 4460 perlataLoet:
1367 4396 1458 4461 perla-

323 4486 375 4532 tum
393 4481 479 4531 EGH.
500 4477 512 4548 ((
531 4484 562 4531 ‘tl
582 4481 669 4532 Cottii
682 4479 768 4545 (Cotti
785 4482 869 4545 doch:
889 4482 965 4531 erebi
978 4482 1054 4530 EGH
1072 4478 1145 4543 (oco.
1160 4481 1249 4531 crebri
1268 4480 1296 4546 1).
1315 4478 1326 4546 Ι(
1343 4483 1456 4545 itaqua

323 4583 409 4634 exque
432 4568 478 4634 qui
500 4567 560 4618 EG:
588 4582 660 4630 aqua
682 4566 730 4630 qui
753 4567 781 4617 II
803 4564 884 4629 (Lis).
908 4562 919 4631 1(
947 4569 979 4616 23
1003 4565 1149 4630 campania
1173 4567 1207 4616 (1⁷⁶
1225 4563 1322 4629 (aetas).
1345 4562 1356 4632 ((
1380 4565 1457 4615 luens

322 4653 396 4706 EGH
415 4651 468 4715 (LI,
486 4652 565 4703 loeus
583 4652 627 4713 ct,
654 4646 745 4716 [lacus
762 4648 807 4715 o]).
828 4647 840 4716 Ι(
863 4652 897 4699 24
920 4650 1012 4713 ibique
1032 4649 1093 4700 EG:
1117 4650 1217 4714 ubique
1240 4651 1269 4699 II
1288 4649 1366 4714 (hle).
1391 4648 1402 4716 Ι(
1426 4653 1458 4701 99

321 4737 443 4793 lucentia
460 4743 520 4786 aute
537 4754 606 4789 corr.
626 4740 654 4791 (i.
