3984 5825
710 679 757 728 ns
780 678 1049 728 ascurrncseun
1074 682 1142 729 nse.
1167 683 1189 729 1.
1498 669 1519 729 5

372 834 535 899 inlinitum
563 854 733 897 numerum
767 833 930 897 exereitus
959 833 1132 900 Persarum
1161 858 1233 901 cum
1262 838 1517 922 superavissent,

372 944 444 1001 aeto
474 958 547 1000 eum
579 933 685 1017 gloria
712 933 874 1021 triumphe
903 933 1081 1022 spoliorum
1109 947 1141 1000 et
1169 935 1323 1024 praedae,
1358 940 1517 1024 porticum

372 1039 537 1103 Persicam
567 1058 609 1101 cx
639 1035 817 1118 manubiis,
851 1035 958 1101 laudis
987 1047 1019 1102 ot
1047 1039 1180 1104 virtutis
1215 1040 1336 1104 civium
1363 1040 1516 1123 indicem,

373 1139 529 1205 victorino
544 1139 683 1226 posteris
699 1160 758 1226 pro
774 1146 906 1224 tropaeo
922 1141 1171 1222 constituerunt,
1189 1139 1299 1226 ibique
1315 1143 1516 1228 captivorum

373 1240 545 1308 simulacra
568 1239 738 1306 barbarico
755 1241 856 1305 vestis
880 1249 1006 1322 ornatu,
1030 1241 1182 1328 superbia
1204 1243 1329 1308 meritis
1353 1253 1550 1308 consume-s

372 1343 425 1409 liis
449 1342 580 1430 punite,
608 1342 804 1407 sustinentia
830 1350 952 1406 tectum
980 1340 1247 1427 conlocaverunt,
1275 1344 1324 1409 uti
1353 1353 1384 1410 et
1407 1343 1517 1410 hostes

373 1448 612 1526 horrescerent,
640 1445 757 1508 timore
779 1464 889 1508 eorum
911 1443 1114 1509 fortitudinis
1138 1445 1286 1527 effeetus,
1316 1455 1348 1510 et
1370 1446 1459 1510 cives
1482 1446 1517 1510 id

373 1545 557 1635 exemplum
580 1545 711 1610 virtutis
733 1545 930 1631 aspicientes
959 1543 1063 1629 gloria
1091 1548 1190 1610 erecti
1212 1545 1254 1610 ad
1277 1545 1517 1611 defendendam

372 1648 557 1714 libertatem
579 1655 688 1711 essent
710 1647 825 1732 parati.
871 1647 981 1732 itaque
1002 1670 1043 1712 ex
1065 1670 1102 1713 eo
1118 1647 1212 1714 multi
1228 1656 1351 1713 statuas
1367 1648 1515 1713 Persicas

373 1751 570 1817 sustinentes
600 1744 754 1834 epistylia
782 1756 814 1811 et
842 1757 1031 1814 ornamenta
1054 1771 1164 1814 eorum
1187 1748 1454 1829 conlocaverunt,
1484 1758 1516 1813 et
1536 1763 1567 1811 ιο

372 1854 419 1917 ita
441 1873 483 1915 ex
505 1873 541 1915 eo
563 1857 754 1934 argumento
783 1849 958 1914 varietates
986 1852 1134 1936 egregias
1161 1861 1323 1916 auxerunt
1351 1848 1514 1937 operibus.

373 1955 450 2019 item
473 1961 548 2018 sunt
569 1949 652 2015 aliae
675 1949 820 2015 ciusdem
842 1951 971 2034 generis
1001 1950 1173 2035 historiae,
1203 1973 1339 2038 querum
1365 1952 1515 2018 notitiam

339 2054 565 2123 sarchiteetos
594 2063 704 2118 tenere
734 2061 871 2140 oportet.
916 2051 1122 2141 philosophia
1150 2074 1227 2117 vero
1256 2052 1382 2140 perficit
1409 2051 1513 2117 archi-

372 2166 492 2223 tectum
519 2155 627 2219 animo
661 2175 779 2237 magno
807 2162 839 2218 et
867 2153 913 2218 uti
941 2177 1006 2220 non
1034 2156 1077 2219 sit
1104 2154 1282 2239 adrogans,
1317 2154 1375 2218 sed
1406 2154 1514 2240 potius

372 2257 479 2324 l'acilis
506 2279 627 2343 aequus
656 2265 689 2320 ct
717 2254 822 2320 fidelis
852 2256 922 2319 sinc
948 2257 1104 2339 avaritia,
1135 2255 1221 2343 quod
1248 2265 1297 2320 est
1324 2256 1565 2338 maximum,1e

371 2357 495 2425 nullum
519 2359 604 2423 enim
626 2379 707 2444 opus
730 2378 808 2421 vere
830 2358 900 2422 sine
921 2357 986 2421 fide
1009 2366 1041 2422 et
1062 2358 1211 2423 castitate
1226 2358 1297 2422 fieri
1313 2367 1430 2444 potest.
1474 2379 1515 2421 ne

372 2463 415 2555 sit
437 2459 575 2547 cupidus
597 2479 702 2545 neque
724 2459 758 2521 in
780 2457 968 2523 muneribus
996 2459 1197 2545 accipiendis
1225 2459 1344 2525 habeat
1370 2459 1514 2523 animum

372 2571 580 2650 occupatum,
609 2559 668 2625 sed
691 2582 763 2624 cum
785 2561 949 2645 gravitate
976 2582 1067 2625 suant
1090 2571 1219 2627 tueatur
1240 2561 1436 2647 dignitatem
1457 2560 1514 2625 bo·

373 2686 446 2729 nam
468 2662 587 2728 famam
610 2660 769 2727 habendo.
814 2670 846 2726 et
869 2660 949 2725 haee
971 2663 1056 2727 enim
1076 2662 1282 2751 philosophia
1310 2661 1513 2748 praescribit.

372 2775 538 2853 peractores
565 2763 606 2828 de
635 2785 742 2829 rerum
770 2771 887 2827 natura
916 2784 999 2849 quae
1025 2785 1142 2847 graece
1170 2767 1373 2848 φυσιολογια
1395 2763 1566 2829 diciturne

371 2865 577 2957 philosophia
609 2863 768 2955 explicat,
803 2885 898 2951 quam
925 2884 1059 2932 neeesse
1088 2874 1137 2931 est
1165 2865 1342 2932 studiosius
1371 2867 1513 2949 novisse,

372 2970 458 3059 quod
481 2968 578 3034 habet
601 2965 717 3034 multas
742 2975 774 3030 ct
797 2967 903 3031 varies
927 2966 1091 3032 naturales
1116 2967 1332 3053 quaestiones,
1356 2976 1392 3032 ut
1415 2969 1512 3031 etiam

374 3074 406 3136 in
427 3092 583 3158 equarum
606 3067 826 3134 ductionibus.
871 3068 1056 3133 incursibus
1080 3068 1165 3132 enim
1188 3074 1220 3130 et
1235 3067 1514 3132 circumitionibus

372 3182 404 3237 et
427 3171 544 3237 librata
566 3170 702 3259 planitie
725 3169 991 3256 expressionibus
1015 3170 1148 3258 spiritus
1170 3165 1334 3233 naturales
1356 3167 1451 3232 aliter
1465 3179 1512 3234 at-

372 3296 435 3363 quc
456 3272 551 3339 aliter
573 3273 670 3354 liunt,
698 3294 834 3359 quorum
867 3271 1101 3338 offensionibus
1129 3270 1252 3336 mederi
1279 3291 1372 3334 nemo
1394 3271 1564 3356 poteritne

372 3377 437 3442 nisi
452 3378 507 3463 qui
523 3396 564 3440 cx
579 3372 786 3462 philosophia
802 3374 962 3460 principia
982 3395 1090 3438 rerum
1110 3382 1245 3438 naturae
1260 3373 1398 3437 noverit.
1434 3373 1514 3437 item

372 3478 429 3565 qui
445 3476 583 3543 Ctesibii
598 3483 654 3539 aut
669 3474 878 3540 Archimedis
900 3483 932 3538 et
947 3484 1129 3539 ceterorum
1153 3470 1217 3561 qui
1225 3474 1370 3540 eiusdem
1385 3476 1514 3560 generis

371 3586 544 3666 praecepta
572 3577 834 3663 conscripserunt
861 3575 965 3661 leget,
995 3578 1116 3641 sentire
1143 3598 1208 3641 non
1235 3577 1354 3662 poterit
1376 3577 1441 3642 nisi
1463 3575 1514 3642 his

373 3794 464 3845 aetnae
482 3792 657 3859 bageslillae
675 3789 791 3858 polidus)
811 3797 918 3857 utroque
934 3793 1041 3842 lectione
1059 3792 1133 3841 iuxta
1150 3794 1236 3855 postte
1258 3790 1297 3853 (st
1313 3791 1385 3855 infre
1402 3794 1429 3843 io
1447 3793 1468 3846 G
1485 3809 1512 3858 p.

373 3882 397 3942 8,
409 3882 433 3929 4.
444 3878 479 3942 ef.
490 3881 513 3939 0,
526 3878 563 3943 2),
583 3876 596 3945 ΙΙ
616 3876 744 3929 Plataico
756 3872 904 3948 (i‘latseeo
915 3874 996 3939 decl:
1012 3877 1108 3941 pitolco
1121 3876 1178 3927 GH.
1195 3872 1206 3942 ll
1224 3876 1378 3929 Bmanibiis
1389 3880 1409 3927 lv
1418 3884 1443 3927 et
1455 3884 1514 3928 ente

373 3978 441 4014 corr.
452 3978 475 4026 e,
489 3962 614 4014 manibus
627 3960 662 4024 (-
672 3959 715 4024 b3)
729 3963 892 4013 euiscerat.
904 3956 916 4024 ΙΙ
928 3958 1054 4010 indecem
1067 3967 1126 4011 ente
1136 3976 1204 4013 corr.
1217 3960 1246 4010 θ.
1259 3956 1271 4026 Η
1287 3962 1303 4010 4
1315 3964 1410 4026 tropeo
1425 3958 1451 4026 (e
1463 3958 1513 4022 (1')o

375 4047 437 4097 GH:
457 4047 571 4111 tropheo
590 4043 744 4112 (septas).
764 4041 776 4111 Η
799 4043 896 4095 effitis
914 4043 942 4107 (i.
962 4059 984 4097 e.
1005 4045 1118 4107 montis)
1136 4045 1174 4096 eh.
1198 4040 1210 4110 ll
1233 4046 1247 4095 7
1263 4044 1392 4096 effectus:
1410 4045 1448 4093 sie
1463 4044 1513 4094 (ιἸΙ
1585 4029 1597 4038 “

374 4130 488 4194 (iopen.
511 4130 560 4196 sp.)
589 4127 600 4196 ΙΙ
628 4132 644 4180 t)
667 4127 745 4179 multi
768 4133 879 4180 statuas
903 4126 1056 4193 eliense:
1087 4127 1179 4180 multis
1198 4133 1306 4179 statuas
1333 4136 1391 4178 erite
1413 4143 1467 4179 ros.
1486 4128 1513 4176 H

375 4212 475 4278 (Pecs).
499 4210 511 4280 ΙΙ
535 4213 656 4279 let-11)
676 4218 704 4264 ot
722 4213 762 4263 ite
774 4238 808 4249 -
821 4212 948 4278 oporibus
968 4213 1020 4262 (ιἸΙ
1033 4212 1135 4278 (LPp):
1155 4229 1205 4264 orn.
1231 4214 1293 4263 trel.
1317 4210 1329 4277 ll
1359 4215 1389 4261 13
1407 4214 1514 4276 oportet

373 4300 443 4350 doe:
463 4303 590 4363 oporteat
609 4299 667 4348 (ill.
691 4294 703 4363 ΙΙ
729 4297 758 4347 18
776 4312 867 4347 suem:
887 4296 935 4361 tui
953 4300 1000 4348 sua
1019 4298 1050 4348 L.
1072 4293 1083 4363 ΙΙ
1109 4301 1139 4347 lt)
1158 4301 1186 4348 et
1203 4297 1284 4349 hsce:
1307 4300 1344 4346 sie
1364 4296 1423 4347 611,
1446 4292 1457 4362 ΙΙ
1481 4298 1513 4346 20

375 4381 550 4448 physiologia
573 4382 601 4431 ΙΙ
619 4382 661 4446 (P,
679 4380 846 4447 phisiologia
869 4383 977 4447 septus
1001 4389 1027 4432 et
1048 4384 1074 4431 io
1095 4398 1174 4446 ortorp,
1198 4380 1429 4445 ec,1›liilosoplria
1452 4396 1466 4428 c
1488 4388 1512 4430 et

374 4469 499 4538 enteyips.
513 4482 581 4516 corr.
599 4463 651 4529 LI),
670 4466 825 4532 phisioloya
845 4467 874 4521 (ι’,
891 4463 903 4533 ΙΙ
919 4469 950 4517 ⁴21
966 4457 1148 4533 philosophba
1165 4482 1190 4529 p.
1212 4462 1224 4530 Η
1240 4467 1272 4514 22
1290 4465 1393 4515 babeat
1410 4481 1435 4528 p.
1452 4459 1513 4529 1126

374 4542 483 4622 preibis
502 4577 524 4608 e.
550 4555 562 4624 ΙΙ
585 4561 617 4609 27
637 4558 756 4610 Ctesibii
771 4561 844 4611 doe:
864 4561 1013 4611 cuthesbra
1027 4561 1056 4620 (ἱ,
1076 4573 1136 4608 cum
1152 4553 1156 4621 l
1172 4557 1284 4607 thesbrs
1302 4558 1330 4606 ll
1348 4556 1394 4620 (cir
1407 4557 1513 4608 thoibra

374 4643 488 4706 hl'bleh,
508 4644 575 4708 eisq3
595 4643 702 4708 thesbrs
713 4644 753 4708 p).
767 4640 779 4711 ΙΙ
792 4645 913 4697 eiusdem
927 4645 978 4694 011
990 4641 1035 4707 (L,
1055 4644 1114 4693 eius
1133 4641 1206 4693 modi
1218 4640 1334 4709 Ppbteh).
1358 4637 1370 4710 ll
1393 4647 1426 4694 ‘28
1439 4642 1514 4709 leget

376 4728 491 4778 sentire:
510 4728 546 4777 sie
566 4728 624 4779 (tlt.
