3984 5825
747 720 793 767 on
816 719 1083 768 sacmrncruaa
1107 721 1176 766 mn.
1200 721 1232 766 v.
1497 704 1556 768 123

415 874 555 938 latitudo
569 873 773 937 modulorum
785 874 962 937 duorumet
971 872 1095 936 moduli
1109 883 1221 936 sextae
1233 874 1347 959 partis.
1370 875 1469 937 ceteri
1481 896 1556 961 ope·

414 977 460 1040 ris
482 975 721 1041 modulationes
742 977 792 1038 uti
813 977 848 1039 in
869 975 1006 1039 aedibus
1030 976 1130 1039 sacris
1157 976 1192 1038 in
1218 974 1302 1039 libro
1324 994 1378 1040 1111
1400 977 1557 1063 scriptum

378 1091 395 1139 4
415 1087 465 1143 est
480 1081 526 1142 ita
541 1078 761 1165 perficiantur.
799 1079 850 1140 sin
865 1087 973 1141 autem
996 1078 1119 1142 ionicae
1135 1076 1303 1141 columnae
1323 1078 1417 1160 fient,
1441 1097 1558 1163 scapus

414 1190 543 1268 praeter
565 1180 688 1267 spiram
710 1188 742 1243 et
763 1177 942 1266 capitulum
963 1179 999 1242 in
1020 1188 1092 1243 octo
1115 1189 1146 1243 et
1169 1180 1339 1244 dimidiam
1361 1189 1486 1267 partem
1508 1180 1557 1243 di-

414 1282 549 1346 vidatur
571 1291 604 1345 et
625 1303 668 1344 ex
688 1281 740 1345 his
762 1303 829 1344 una
843 1280 1054 1345 crassitudini
1069 1280 1236 1345 columnae
1251 1280 1357 1362 detur,
1380 1280 1558 1367 spiraeum
1576 1299 1592 1348 t

415 1383 542 1472 plintho
571 1382 709 1447 dimidia
737 1382 954 1448 crassitudine
981 1384 1215 1465 constituatur,
1249 1382 1384 1470 capituli
1406 1383 1489 1446 ratio
1511 1384 1559 1446 ita

415 1487 472 1550 fiat
493 1486 543 1550 uti
564 1485 600 1548 in
620 1484 706 1549 libro
727 1485 824 1549 tertio
852 1494 902 1549 est
929 1485 1197 1550 demonstratum.
1240 1487 1270 1548 si
1297 1483 1459 1548 corinthia
1485 1487 1557 1565 erit,

415 1610 534 1674 scapus
556 1597 589 1651 et
609 1588 698 1674 spira
711 1588 761 1650 uti
774 1588 810 1651 in
829 1588 947 1669 ionica,
970 1586 1147 1674 capitulum
1162 1596 1271 1650 autem
1287 1584 1559 1672 quemadmodum
1605 1628 1606 1632 =

415 1691 450 1753 in
472 1699 588 1776 quarto
616 1687 701 1753 libro
727 1698 777 1753 est
805 1691 978 1775 scriptum,
1007 1690 1054 1753 ita
1076 1689 1217 1753 habeant
1244 1689 1413 1752 rationem.
1458 1686 1558 1772 stylo-

415 1793 569 1877 batisque
601 1790 742 1855 adiectio
775 1812 859 1876 quae
891 1791 928 1854 fit
958 1813 1017 1877 per
1050 1790 1211 1855 scamillos
1244 1793 1389 1877 inpares,
1428 1811 1470 1853 ex
1502 1790 1557 1853 de·
1578 1805 1610 1854 10

415 1894 594 1979 scriptione
626 1914 709 1978 quae
742 1914 841 1979 supra
873 1895 997 1978 scripta
1028 1902 1077 1956 est
1103 1895 1136 1957 in
1164 1891 1248 1955 libro
1275 1893 1372 1956 tertio
1400 1900 1557 1955 sumatur.

415 1994 572 2081 epistylia
593 2015 729 2058 coronae
760 2003 933 2080 ceteraque
960 1980 1069 2058 omnia
1089 1993 1132 2057 ad
1155 1993 1377 2058 columnarum
1399 1994 1558 2057 rationem

415 2095 612 2182 exscriptis
634 2094 836 2160 voluminum
858 2098 1061 2183 superiorum
1084 2095 1299 2183 explicentur.

381 2209 397 2258 5
500 2197 614 2262 Media
641 2189 719 2262 ver'o
747 2199 854 2284 spatia
882 2220 965 2283 quae
993 2208 1088 2263 erunt
1117 2199 1178 2262 sub
1206 2197 1264 2262 diu
1290 2199 1376 2261 inter
1403 2198 1557 2285 porticus,
1587 2241 1588 2245 =

414 2298 605 2363 adornanda
623 2300 785 2364 viridibus
801 2299 966 2382 videntur,
990 2300 1077 2386 quod
1099 2299 1300 2387 hypaethroe
1322 2299 1559 2364 ambulationes
1579 2319 1609 2369 15

414 2400 537 2464 habent
558 2424 710 2486 magnam
732 2401 974 2483 salubritatem,
1005 2411 1037 2466 et
1058 2405 1199 2489 primum
1220 2401 1385 2467 oculorum
1408 2401 1495 2487 quod
1517 2423 1559 2463 ex

415 2502 579 2568 viridibus
609 2503 738 2568 subtilis
765 2513 798 2567 et
826 2513 1021 2568 extenuatus
1048 2527 1104 2568 aer
1130 2515 1262 2593 propter
1288 2505 1465 2569 motionem
1492 2525 1559 2567 cor·

414 2604 503 2691 poris
536 2604 676 2670 influens
712 2605 862 2692 perlimat
896 2608 1036 2693 speciem
1071 2616 1103 2670 et
1129 2610 1176 2670 ita
1203 2606 1354 2671 auferens
1387 2627 1430 2669 ex
1458 2604 1559 2669 oculis

415 2727 561 2770 umorem
583 2729 738 2789 crassum,
761 2708 864 2771 aciem
886 2718 1017 2772 tenuem
1040 2718 1072 2772 et
1093 2718 1222 2773 acutam
1237 2710 1378 2794 speciem
1392 2705 1558 2793 relinquit.

416 2817 585 2894 praeterea
617 2799 690 2872 cum
724 2832 840 2896 corpus
872 2809 1071 2874 motionibus
1099 2812 1134 2873 iu
1159 2808 1379 2873 ambulatione
1408 2807 1558 2888 calescat,
1577 2835 1610 2883 20

416 2907 550 3000 umores⁴
571 2932 615 2975 ex
640 2911 794 2976 membris
823 2933 879 2975 aer
906 2911 1095 2997 exsugendo
1124 2911 1277 2975 inminuit
1305 2908 1478 2997 plenitates
1502 2932 1558 2972 ex-

416 3020 593 3099 tenuatque
622 3013 814 3098 dissipando
842 3012 929 3100 quod
957 3013 1030 3101 plus
1059 3014 1146 3078 inest
1179 3035 1275 3100 quam
1307 3034 1423 3098 eorpus
1451 3020 1559 3096 potest

381 3116 587 3179 osustinere.
635 3115 697 3179 hoc
724 3125 832 3179 autem
860 3117 907 3179 ita
934 3137 1006 3179 esse
1032 3128 1081 3180 'ex
1108 3138 1145 3180 eo
1177 3115 1254 3178 licet
1286 3112 1557 3194 animadvertere,

416 3216 504 3301 quod
525 3216 586 3281 sub
608 3218 704 3280 tectis
726 3240 800 3281 cum
822 3211 888 3281 sint
909 3238 1067 3303 aquarum
1089 3218 1195 3283 fontes
1211 3218 1380 3281 autetiam
1396 3209 1559 3280 subterra

416 3317 570 3403 palustris
598 3317 813 3401 abundantia,
845 3342 887 3382 cx
909 3319 959 3383 his
982 3319 1090 3384 nullus
1119 3321 1225 3404 surgit
1251 3342 1343 3383 umor
1370 3316 1557 3398 nebulosus,
1576 3340 1609 3389 25

417 3418 474 3483 sed
503 3420 537 3483 in
563 3422 685 3507 apertis
717 3419 973 3508 hypaethrisque
1006 3422 1086 3486 locis
1120 3444 1193 3485 cum
1221 3419 1269 3485 sol
1301 3421 1408 3485 oriens
1436 3442 1559 3508 vapore

417 3530 530 3606 tangat
551 3523 724 3605 mundum,
754 3544 796 3585 ex
818 3523 937 3586 umidis
961 3532 993 3586 et
1015 3523 1257 3588 abundantibus
1286 3524 1409 3587 excitat
1430 3515 1559 3587 umores
1641 3514 1646 3531 ’

417 3632 448 3686 et
471 3644 525 3687 eos
549 3622 760 3708 conglobatos
783 3626 818 3687 in
839 3624 1048 3689 altitudinem
1070 3624 1165 3689 tollit.
1210 3648 1287 3711 ergo
1309 3628 1337 3690 si
1359 3628 1406 3690 ita
1428 3624 1559 3689 videtur

416 3726 464 3789 uti
485 3726 521 3787 in
542 3724 731 3812 hypaethris
760 3726 840 3791 loeis
868 3727 911 3790 ab
938 3748 1013 3789 aere
1035 3750 1162 3791 umores
1186 3750 1228 3791 cx
1250 3728 1439 3815 corporibus
1462 3748 1557 3790 exsu-

417 3836 535 3911 gantur
556 3827 773 3910 molestiores,
803 3828 1076 3915 quemadmodum
1099 3852 1141 3893 ex
1162 3841 1250 3893 terra
1270 3853 1328 3917 per
1350 3829 1485 3915 nebulas
1508 3830 1556 3892 vi·
1575 3849 1608 3898 30

483 4067 585 4116 21111:
603 4071 641 4118 sic
660 4069 718 4119 GH.
743 4066 755 4134 Η
782 4070 968 4133 trapitulum
987 4068 1010 4119 du
1027 4071 1055 4119 in
1076 4077 1136 4120 unte
1158 4086 1227 4120 corr.
1247 4067 1292 4141 (ty)
1311 4071 1347 4121 H.
1370 4066 1382 4134 Η
1410 4069 1425 4118 5
1446 4084 1502 4117 una
1522 4069 1555 4118 G:

415 4165 462 4200 om.
480 4151 510 4198 H
529 4147 607 4215 (aa).
631 4148 643 4217 Η
667 4154 743 4217 spira
766 4155 826 4203 aad.
850 4155 906 4204 Joc.
932 4154 1023 4217 (detur
1041 4171 1102 4204 eum
1122 4154 1192 4217 GH).
1217 4152 1229 4221 Η
1255 4156 1271 4203 6
1294 4155 1477 4204 constituatur
1500 4155 1554 4203 ed.:

415 4238 562 4284 -tuantur
574 4236 632 4287 GH.
649 4232 661 4302 Η
677 4238 824 4288 9habeant
836 4239 887 4288 GH
896 4237 937 4300 (lc,
947 4240 1052 4289 habeat
1063 4238 1108 4299 L).
1124 4235 1135 4301 Η
1153 4242 1184 4289 10
1194 4238 1334 4289 scamillos
1343 4238 1381 4301 (ut
1390 4256 1416 4303 p.
1427 4243 1466 4295 77,
1476 4241 1500 4287 2.
1513 4236 1555 4299 3):

415 4318 549 4369 scabillos
569 4320 619 4370 GH
637 4319 679 4385 (L,
698 4321 837 4372 scabellos
854 4323 898 4389 lc).
922 4319 934 4390 Η
961 4325 1072 4388 inpares
1090 4324 1162 4372 doc:
1189 4324 1313 4387 inpartes
1337 4324 1396 4373 GH.
1420 4320 1432 4387 Η
1455 4324 1488 4370 14
1505 4322 1554 4370 sub

414 4403 461 4452 diu
474 4403 526 4453 GH
537 4401 581 4468 (L,
592 4406 642 4455 sub
656 4407 718 4457 divo
732 4406 775 4471 lc).
791 4403 804 4472 Η
821 4408 852 4457 15
869 4408 992 4458 uridibus
1005 4410 1036 4457 H
1047 4406 1083 4470 (et
1095 4415 1154 4456 uate
1166 4424 1234 4457 corr.
1248 4407 1281 4469 c).
1297 4403 1310 4473 Η
1325 4408 1496 4473 hypaethroe
1509 4424 1555 4471 epo

414 4486 454 4550 (ut.
459 4504 488 4553 p.
500 4492 558 4547 124,
570 4489 629 4553 24);
642 4490 758 4556 hypetre
770 4493 798 4551 G,
808 4491 917 4558 hypdrrq
928 4494 971 4543 H.
989 4490 1001 4558 Η
1018 4495 1049 4541 16
1060 4492 1143 4540 hbent
1153 4491 1211 4554 (sic)
1221 4493 1252 4539 H
1259 4489 1358 4554 (solus).
1372 4489 1383 4557 Η
1397 4493 1428 4543 17
1439 4492 1556 4542 subtiles

414 4607 444 4655 H
461 4605 524 4671 (ch).
547 4607 559 4673 Η
583 4610 615 4657 19
633 4608 765 4672 relinquit
784 4611 817 4660 G:
840 4609 958 4673 reliquid
980 4610 1011 4658 H
1029 4607 1064 4672 (c,
1088 4580 1200 4678 relrlqurt
1218 4609 1265 4672 bc).
1286 4606 1297 4675 Η
1319 4612 1351 4660 al
1371 4614 1553 4676 extenuatque

416 4692 449 4739 G:
475 4693 673 4757 extenuatique
696 4694 728 4741 H
748 4692 826 4757 (Llc).
847 4691 913 4759 (127
936 4693 1139 4744 abundantibus
1158 4694 1192 4741 L:
1217 4694 1402 4746 abundantius
1421 4698 1471 4746 GH
1495 4694 1552 4759 (ha-

416 4774 583 4843 bundantius
599 4773 643 4840 lc).
663 4773 675 4843 Η
696 4779 729 4829 28
746 4793 794 4832 eos
811 4777 991 4848 conglobatos
1004 4778 1088 4828 Musa:
1108 4778 1323 4849 exconglobatos
1345 4780 1403 4831 GH.
