<?xml version="1.0" encoding="UTF-8"?>
<!DOCTYPE html PUBLIC "-//W3C//DTD XHTML 1.0 Transitional//EN"
    "http://www.w3.org/TR/xhtml1/DTD/xhtml1-transitional.dtd">
<html xmlns="http://www.w3.org/1999/xhtml" xml:lang="en" lang="en">
 <head>
  <title>
</title>
<meta http-equiv="Content-Type" content="text/html;charset=utf-8" />
  <meta name='ocr-system' content='tesseract 3.04.00' />
  <meta name='ocr-capabilities' content='ocr_page ocr_carea ocr_par ocr_line ocrx_word'/>
</head>
<body>
  <div class='ocr_page' id='page_1' title='image "./vitruviidearchi00strgoog_0293.png"; bbox 0 0 3984 5825; ppageno 0'>
   <div class='ocr_carea' id='block_1_1' title="bbox 485 658 1133 721">
    <p class='ocr_par' dir='ltr' id='par_1_1' title="bbox 485 658 1133 721">
     <span class='ocr_line' id='line_1_1' title="bbox 485 658 1133 721; baseline -0.008 0"><span class='ocrx_word' id='word_1_1' title='bbox 485 658 547 721; x_wconf 78' lang='lat'>272</span> <span class='ocrx_word' id='word_1_2' title='bbox 974 671 1133 717; x_wconf 80' lang='lat' dir='ltr'>vrrauvn</span> 
     </span>
    </p>
   </div>
   <div class='ocr_carea' id='block_1_2' title="bbox 384 822 1714 2944">
    <p class='ocr_par' dir='ltr' id='par_1_2' title="bbox 384 822 1714 2944">
     <span class='ocr_line' id='line_1_2' title="bbox 486 822 1633 911; baseline -0.004 -22"><span class='ocrx_word' id='word_1_3' title='bbox 486 848 542 888; x_wconf 89' lang='lat' dir='ltr'>cae</span> <span class='ocrx_word' id='word_1_4' title='bbox 564 834 786 911; x_wconf 82' lang='lat' dir='ltr'>temperentur</span> <span class='ocrx_word' id='word_1_5' title='bbox 809 845 948 887; x_wconf 81' lang='lat' dir='ltr'>enervo</span> <span class='ocrx_word' id='word_1_6' title='bbox 971 822 1155 909; x_wconf 76' lang='lat' dir='ltr'>capilloque</span> <span class='ocrx_word' id='word_1_7' title='bbox 1178 825 1272 887; x_wconf 82' lang='lat' dir='ltr'>tortis</span> <span class='ocrx_word' id='word_1_8' title='bbox 1295 822 1504 901; x_wconf 88' lang='lat' dir='ltr'>rudentibus,</span> <span class='ocrx_word' id='word_1_9' title='bbox 1530 843 1633 908; x_wconf 91' lang='lat' dir='ltr'>quan-</span> 
     </span>
     <span class='ocr_line' id='line_1_3' title="bbox 384 923 1714 1012; baseline -0.004 -24"><span class='ocrx_word' id='word_1_10' title='bbox 384 937 554 991; x_wconf 82' lang='lat' dir='ltr'>xvffltum</span> <span class='ocrx_word' id='word_1_11' title='bbox 577 923 851 1012; x_wconf 81' lang='lat' dir='ltr'>comprehendere</span> <span class='ocrx_word' id='word_1_12' title='bbox 881 925 1012 1010; x_wconf 88' lang='lat' dir='ltr'>scriptis</span> <span class='ocrx_word' id='word_1_13' title='bbox 1043 934 1155 1011; x_wconf 89' lang='lat' dir='ltr'>potero</span> <span class='ocrx_word' id='word_1_14' title='bbox 1177 947 1243 988; x_wconf 91' lang='lat' dir='ltr'>non</span> <span class='ocrx_word' id='word_1_15' title='bbox 1264 926 1533 1011; x_wconf 78' lang='lat' dir='ltr'>praetermittam.</span> <span class='ocrx_word' id='word_1_16' title='bbox 1579 948 1632 988; x_wconf 90' lang='lat' dir='ltr'>su·</span> <span class='ocrx_word' id='word_1_17' title='bbox 1652 933 1714 998; x_wconf 75' lang='lat' dir='ltr'>(xm</span> 
     </span>
     <span class='ocr_line' id='line_1_4' title="bbox 484 1025 1632 1113; baseline -0.003 -21"><span class='ocrx_word' id='word_1_18' title='bbox 484 1038 615 1092; x_wconf 90' lang='lat' dir='ltr'>muntur</span> <span class='ocrx_word' id='word_1_19' title='bbox 636 1030 728 1112; x_wconf 89' lang='lat' dir='ltr'>tigna</span> <span class='ocrx_word' id='word_1_20' title='bbox 743 1025 945 1112; x_wconf 88' lang='lat' dir='ltr'>amplissima</span> <span class='ocrx_word' id='word_1_21' title='bbox 960 1025 1177 1110; x_wconf 80' lang='lat' dir='ltr'>longitudine,</span> <span class='ocrx_word' id='word_1_22' title='bbox 1199 1048 1298 1113; x_wconf 89' lang='lat' dir='ltr'>supra</span> <span class='ocrx_word' id='word_1_23' title='bbox 1311 1025 1458 1110; x_wconf 85' lang='lat' dir='ltr'>figuntur</span> <span class='ocrx_word' id='word_1_24' title='bbox 1473 1026 1632 1108; x_wconf 76' lang='lat' dir='ltr'>chelonia,</span> 
     </span>
     <span class='ocr_line' id='line_1_5' title="bbox 485 1118 1632 1215; baseline 0 -22"><span class='ocrx_word' id='word_1_25' title='bbox 485 1131 518 1193; x_wconf 94' lang='lat' dir='ltr'>in</span> <span class='ocrx_word' id='word_1_26' title='bbox 536 1129 653 1215; x_wconf 90' lang='lat' dir='ltr'>quibus</span> <span class='ocrx_word' id='word_1_27' title='bbox 675 1127 887 1191; x_wconf 90' lang='lat' dir='ltr'>includuntur</span> <span class='ocrx_word' id='word_1_28' title='bbox 902 1125 1045 1192; x_wconf 82' lang='lat' dir='ltr'>suculae.</span> <span class='ocrx_word' id='word_1_29' title='bbox 1083 1148 1141 1213; x_wconf 90' lang='lat' dir='ltr'>per</span> <span class='ocrx_word' id='word_1_30' title='bbox 1155 1127 1264 1191; x_wconf 89' lang='lat' dir='ltr'>media</span> <span class='ocrx_word' id='word_1_31' title='bbox 1278 1139 1387 1192; x_wconf 89' lang='lat' dir='ltr'>autem</span> <span class='ocrx_word' id='word_1_32' title='bbox 1402 1129 1511 1213; x_wconf 88' lang='lat' dir='ltr'>spatia</span> <span class='ocrx_word' id='word_1_33' title='bbox 1525 1118 1632 1213; x_wconf 88' lang='lat' dir='ltr'>tigno·</span> 
     </span>
     <span class='ocr_line' id='line_1_6' title="bbox 452 1228 1632 1316; baseline -0.003 -20"><span class='ocrx_word' id='word_1_34' title='bbox 452 1249 557 1296; x_wconf 72' lang='lat' dir='ltr'>arum</span> <span class='ocrx_word' id='word_1_35' title='bbox 580 1232 767 1294; x_wconf 82' lang='lat' dir='ltr'>insecantur</span> <span class='ocrx_word' id='word_1_36' title='bbox 790 1239 822 1293; x_wconf 89' lang='lat' dir='ltr'>ct</span> <span class='ocrx_word' id='word_1_37' title='bbox 845 1228 1042 1292; x_wconf 85' lang='lat' dir='ltr'>exciduntur</span> <span class='ocrx_word' id='word_1_38' title='bbox 1064 1228 1197 1312; x_wconf 84' lang='lat' dir='ltr'>formae,</span> <span class='ocrx_word' id='word_1_39' title='bbox 1222 1229 1391 1316; x_wconf 89' lang='lat' dir='ltr'>inquibus</span> <span class='ocrx_word' id='word_1_40' title='bbox 1409 1229 1632 1294; x_wconf 85' lang='lat' dir='ltr'>excisionibus</span> 
     </span>
     <span class='ocr_line' id='line_1_7' title="bbox 484 1329 1634 1417; baseline 0 -23"><span class='ocrx_word' id='word_1_41' title='bbox 484 1331 698 1395; x_wconf 89' lang='lat' dir='ltr'>includuntur</span> <span class='ocrx_word' id='word_1_42' title='bbox 724 1329 867 1416; x_wconf 89' lang='lat' dir='ltr'>capitula</span> <span class='ocrx_word' id='word_1_43' title='bbox 889 1330 1141 1416; x_wconf 87' lang='lat' dir='ltr'>catapultarum,</span> <span class='ocrx_word' id='word_1_44' title='bbox 1171 1331 1347 1417; x_wconf 87' lang='lat' dir='ltr'>cuneisque</span> <span class='ocrx_word' id='word_1_45' title='bbox 1369 1331 1572 1396; x_wconf 90' lang='lat' dir='ltr'>distinentur</span> <span class='ocrx_word' id='word_1_46' title='bbox 1593 1353 1634 1394; x_wconf 90' lang='lat' dir='ltr'>ne</span> 
     </span>
     <span class='ocr_line' id='line_1_8' title="bbox 484 1431 1635 1499; baseline -0.003 0"><span class='ocrx_word' id='word_1_47' title='bbox 484 1437 520 1499; x_wconf 93' lang='lat' dir='ltr'>in</span> <span class='ocrx_word' id='word_1_48' title='bbox 541 1432 804 1499; x_wconf 89' lang='lat' dir='ltr'>contentionibus</span> <span class='ocrx_word' id='word_1_49' title='bbox 830 1441 1033 1496; x_wconf 82' lang='lat' dir='ltr'>moveantur.</span> <span class='ocrx_word' id='word_1_50' title='bbox 1077 1440 1147 1494; x_wconf 90' lang='lat' dir='ltr'>tum</span> <span class='ocrx_word' id='word_1_51' title='bbox 1170 1454 1248 1496; x_wconf 84' lang='lat' dir='ltr'>vero</span> <span class='ocrx_word' id='word_1_52' title='bbox 1270 1431 1405 1497; x_wconf 91' lang='lat' dir='ltr'>modioli</span> <span class='ocrx_word' id='word_1_53' title='bbox 1427 1436 1517 1497; x_wconf 90' lang='lat' dir='ltr'>aerei</span> <span class='ocrx_word' id='word_1_54' title='bbox 1539 1434 1574 1496; x_wconf 91' lang='lat' dir='ltr'>in</span> <span class='ocrx_word' id='word_1_55' title='bbox 1598 1455 1635 1496; x_wconf 89' lang='lat' dir='ltr'>ea</span> 
     </span>
     <span class='ocr_line' id='line_1_9' title="bbox 485 1532 1635 1622; baseline -0.001 -23"><span class='ocrx_word' id='word_1_56' title='bbox 485 1534 627 1622; x_wconf 90' lang='lat' dir='ltr'>capitula</span> <span class='ocrx_word' id='word_1_57' title='bbox 649 1532 860 1598; x_wconf 90' lang='lat' dir='ltr'>includuntur</span> <span class='ocrx_word' id='word_1_58' title='bbox 882 1543 914 1596; x_wconf 89' lang='lat' dir='ltr'>et</span> <span class='ocrx_word' id='word_1_59' title='bbox 937 1534 970 1595; x_wconf 93' lang='lat' dir='ltr'>in</span> <span class='ocrx_word' id='word_1_60' title='bbox 994 1554 1049 1598; x_wconf 88' lang='lat' dir='ltr'>eos</span> <span class='ocrx_word' id='word_1_61' title='bbox 1066 1532 1192 1598; x_wconf 89' lang='lat' dir='ltr'>cuneoli</span> <span class='ocrx_word' id='word_1_62' title='bbox 1208 1533 1316 1616; x_wconf 87' lang='lat' dir='ltr'>ferrei,</span> <span class='ocrx_word' id='word_1_63' title='bbox 1340 1555 1419 1620; x_wconf 90' lang='lat' dir='ltr'>quas</span> <span class='ocrx_word' id='word_1_64' title='bbox 1442 1535 1635 1616; x_wconf 74' lang='grc' dir='ltr'><em>επιζυγιδας</em></span> 
     </span>
     <span class='ocr_line' id='line_1_10' title="bbox 485 1633 1666 1715; baseline -0.006 -13"><span class='ocrx_word' id='word_1_65' title='bbox 485 1636 605 1702; x_wconf 82' lang='lat' dir='ltr'>Graeci</span> <span class='ocrx_word' id='word_1_66' title='bbox 627 1645 756 1715; x_wconf 85' lang='lat' dir='ltr'>vocant,</span> <span class='ocrx_word' id='word_1_67' title='bbox 780 1633 1000 1699; x_wconf 89' lang='lat' dir='ltr'>conlocantur.</span> <span class='ocrx_word' id='word_1_68' title='bbox 1044 1634 1163 1698; x_wconf 90' lang='lat' dir='ltr'>deiude</span> <span class='ocrx_word' id='word_1_69' title='bbox 1184 1656 1283 1699; x_wconf 88' lang='lat' dir='ltr'>ansae</span> <span class='ocrx_word' id='word_1_70' title='bbox 1303 1634 1494 1700; x_wconf 89' lang='lat' dir='ltr'>rudentium</span> <span class='ocrx_word' id='word_1_71' title='bbox 1517 1637 1666 1700; x_wconf 78' lang='lat' dir='ltr'>indua-a</span> 
     </span>
     <span class='ocr_line' id='line_1_11' title="bbox 436 1735 1633 1825; baseline -0.002 -22"><span class='ocrx_word' id='word_1_72' title='bbox 436 1755 468 1803; x_wconf 87' lang='lat'>10</span> <span class='ocrx_word' id='word_1_73' title='bbox 485 1748 538 1803; x_wconf 90' lang='lat' dir='ltr'>tur</span> <span class='ocrx_word' id='word_1_74' title='bbox 559 1760 618 1825; x_wconf 90' lang='lat' dir='ltr'>per</span> <span class='ocrx_word' id='word_1_75' title='bbox 639 1737 799 1801; x_wconf 83' lang='lat' dir='ltr'>foramina</span> <span class='ocrx_word' id='word_1_76' title='bbox 821 1735 1038 1823; x_wconf 90' lang='lat' dir='ltr'>capitulorum</span> <span class='ocrx_word' id='word_1_77' title='bbox 1059 1745 1092 1798; x_wconf 89' lang='lat' dir='ltr'>et</span> <span class='ocrx_word' id='word_1_78' title='bbox 1113 1737 1149 1799; x_wconf 90' lang='lat' dir='ltr'>in</span> <span class='ocrx_word' id='word_1_79' title='bbox 1170 1735 1306 1800; x_wconf 91' lang='lat' dir='ltr'>alteram</span> <span class='ocrx_word' id='word_1_80' title='bbox 1327 1747 1454 1823; x_wconf 89' lang='lat' dir='ltr'>partem</span> <span class='ocrx_word' id='word_1_81' title='bbox 1475 1739 1633 1802; x_wconf 86' lang='lat' dir='ltr'>traiciun-</span> 
     </span>
     <span class='ocr_line' id='line_1_12' title="bbox 484 1836 1634 1923; baseline -0.002 -18"><span class='ocrx_word' id='word_1_82' title='bbox 484 1851 554 1923; x_wconf 84' lang='lat' dir='ltr'>tur,</span> <span class='ocrx_word' id='word_1_83' title='bbox 583 1838 702 1903; x_wconf 89' lang='lat' dir='ltr'>deinde</span> <span class='ocrx_word' id='word_1_84' title='bbox 730 1839 764 1901; x_wconf 93' lang='lat' dir='ltr'>in</span> <span class='ocrx_word' id='word_1_85' title='bbox 787 1836 915 1902; x_wconf 91' lang='lat' dir='ltr'>suculas</span> <span class='ocrx_word' id='word_1_86' title='bbox 938 1838 1120 1901; x_wconf 91' lang='lat' dir='ltr'>coiciuntur</span> <span class='ocrx_word' id='word_1_87' title='bbox 1142 1848 1175 1902; x_wconf 91' lang='lat' dir='ltr'>et</span> <span class='ocrx_word' id='word_1_88' title='bbox 1197 1836 1428 1923; x_wconf 82' lang='lat' dir='ltr'>involvuntur,</span> <span class='ocrx_word' id='word_1_89' title='bbox 1456 1840 1508 1903; x_wconf 90' lang='lat' dir='ltr'>uti</span> <span class='ocrx_word' id='word_1_90' title='bbox 1531 1842 1634 1904; x_wconf 85' lang='lat' dir='ltr'>vecti-</span> 
     </span>
     <span class='ocr_line' id='line_1_13' title="bbox 484 1938 1634 2027; baseline -0.002 -21"><span class='ocrx_word' id='word_1_91' title='bbox 484 1942 546 2006; x_wconf 91' lang='lat' dir='ltr'>bus</span> <span class='ocrx_word' id='word_1_92' title='bbox 572 1962 631 2027; x_wconf 89' lang='lat' dir='ltr'>per</span> <span class='ocrx_word' id='word_1_93' title='bbox 654 1962 707 2004; x_wconf 89' lang='lat' dir='ltr'>eas</span> <span class='ocrx_word' id='word_1_94' title='bbox 731 1941 856 2003; x_wconf 87' lang='lat' dir='ltr'>extenti</span> <span class='ocrx_word' id='word_1_95' title='bbox 883 1938 1054 2020; x_wconf 85' lang='lat' dir='ltr'>rudentes,</span> <span class='ocrx_word' id='word_1_96' title='bbox 1084 1961 1158 2002; x_wconf 92' lang='lat' dir='ltr'>cum</span> <span class='ocrx_word' id='word_1_97' title='bbox 1186 1939 1336 2003; x_wconf 89' lang='lat' dir='ltr'>manibus</span> <span class='ocrx_word' id='word_1_98' title='bbox 1360 1950 1436 2005; x_wconf 91' lang='lat' dir='ltr'>sunt</span> <span class='ocrx_word' id='word_1_99' title='bbox 1456 1942 1557 2024; x_wconf 80' lang='lat' dir='ltr'>tacti,</span> <span class='ocrx_word' id='word_1_100' title='bbox 1581 1963 1634 2004; x_wconf 86' lang='lat' dir='ltr'>ae·</span> 
     </span>
     <span class='ocr_line' id='line_1_14' title="bbox 485 2039 1634 2131; baseline -0.002 -23"><span class='ocrx_word' id='word_1_101' title='bbox 485 2042 613 2131; x_wconf 89' lang='lat' dir='ltr'>qualem</span> <span class='ocrx_word' id='word_1_102' title='bbox 640 2043 675 2105; x_wconf 92' lang='lat' dir='ltr'>in</span> <span class='ocrx_word' id='word_1_103' title='bbox 697 2052 834 2127; x_wconf 86' lang='lat' dir='ltr'>utroque</span> <span class='ocrx_word' id='word_1_104' title='bbox 861 2042 985 2106; x_wconf 85' lang='lat' dir='ltr'>sonitus</span> <span class='ocrx_word' id='word_1_105' title='bbox 1008 2039 1151 2104; x_wconf 89' lang='lat' dir='ltr'>habeant</span> <span class='ocrx_word' id='word_1_106' title='bbox 1172 2063 1375 2128; x_wconf 88' lang='lat' dir='ltr'>responsum.</span> <span class='ocrx_word' id='word_1_107' title='bbox 1419 2051 1500 2105; x_wconf 89' lang='lat' dir='ltr'>tunc</span> <span class='ocrx_word' id='word_1_108' title='bbox 1522 2051 1634 2106; x_wconf 86' lang='lat' dir='ltr'>autem</span> 
     </span>
     <span class='ocr_line' id='line_1_15' title="bbox 485 2140 1633 2229; baseline -0.003 -19"><span class='ocrx_word' id='word_1_109' title='bbox 485 2148 596 2210; x_wconf 88' lang='lat' dir='ltr'>cuneis</span> <span class='ocrx_word' id='word_1_110' title='bbox 625 2145 668 2208; x_wconf 92' lang='lat' dir='ltr'>ad</span> <span class='ocrx_word' id='word_1_111' title='bbox 696 2143 856 2207; x_wconf 85' lang='lat' dir='ltr'>foramina</span> <span class='ocrx_word' id='word_1_112' title='bbox 884 2140 1135 2224; x_wconf 83' lang='lat' dir='ltr'>concluduntur,</span> <span class='ocrx_word' id='word_1_113' title='bbox 1163 2153 1287 2207; x_wconf 91' lang='lat' dir='ltr'>utnon</span> <span class='ocrx_word' id='word_1_114' title='bbox 1309 2145 1437 2229; x_wconf 83' lang='lat' dir='ltr'>possint</span> <span class='ocrx_word' id='word_1_115' title='bbox 1460 2165 1496 2208; x_wconf 91' lang='lat' dir='ltr'>se</span> <span class='ocrx_word' id='word_1_116' title='bbox 1519 2145 1633 2208; x_wconf 89' lang='lat' dir='ltr'>remit-</span> 
     </span>
     <span class='ocr_line' id='line_1_16' title="bbox 434 2243 1634 2332; baseline -0.002 -20"><span class='ocrx_word' id='word_1_117' title='bbox 434 2263 467 2312; x_wconf 83' lang='lat'>15</span> <span class='ocrx_word' id='word_1_118' title='bbox 484 2258 563 2312; x_wconf 86' lang='lat' dir='ltr'>tere.</span> <span class='ocrx_word' id='word_1_119' title='bbox 608 2248 655 2309; x_wconf 91' lang='lat' dir='ltr'>ita</span> <span class='ocrx_word' id='word_1_120' title='bbox 676 2246 804 2308; x_wconf 89' lang='lat' dir='ltr'>traiecti</span> <span class='ocrx_word' id='word_1_121' title='bbox 831 2245 866 2307; x_wconf 93' lang='lat' dir='ltr'>in</span> <span class='ocrx_word' id='word_1_122' title='bbox 888 2243 1024 2307; x_wconf 88' lang='lat' dir='ltr'>alteram</span> <span class='ocrx_word' id='word_1_123' title='bbox 1046 2254 1173 2332; x_wconf 90' lang='lat' dir='ltr'>partem</span> <span class='ocrx_word' id='word_1_124' title='bbox 1195 2245 1309 2308; x_wconf 89' lang='lat' dir='ltr'>eadem</span> <span class='ocrx_word' id='word_1_125' title='bbox 1330 2247 1457 2309; x_wconf 88' lang='lat' dir='ltr'>ratione</span> <span class='ocrx_word' id='word_1_126' title='bbox 1479 2245 1634 2310; x_wconf 84' lang='lat' dir='ltr'>vectibus</span> 
     </span>
     <span class='ocr_line' id='line_1_17' title="bbox 484 2344 1634 2436; baseline -0.002 -24"><span class='ocrx_word' id='word_1_127' title='bbox 484 2371 543 2436; x_wconf 89' lang='lat' dir='ltr'>per</span> <span class='ocrx_word' id='word_1_128' title='bbox 570 2345 698 2410; x_wconf 88' lang='lat' dir='ltr'>suculas</span> <span class='ocrx_word' id='word_1_129' title='bbox 727 2345 964 2427; x_wconf 89' lang='lat' dir='ltr'>extenduntur,</span> <span class='ocrx_word' id='word_1_130' title='bbox 999 2345 1102 2409; x_wconf 90' lang='lat' dir='ltr'>donec</span> <span class='ocrx_word' id='word_1_131' title='bbox 1129 2344 1307 2432; x_wconf 88' lang='lat' dir='ltr'>aequaliter</span> <span class='ocrx_word' id='word_1_132' title='bbox 1335 2356 1462 2412; x_wconf 90' lang='lat' dir='ltr'>sonent.</span> <span class='ocrx_word' id='word_1_133' title='bbox 1507 2348 1556 2411; x_wconf 89' lang='lat' dir='ltr'>ita</span> <span class='ocrx_word' id='word_1_134' title='bbox 1578 2369 1634 2411; x_wconf 89' lang='lat' dir='ltr'>cu-</span> 
     </span>
     <span class='ocr_line' id='line_1_18' title="bbox 483 2445 1633 2514; baseline -0.001 0"><span class='ocrx_word' id='word_1_135' title='bbox 483 2471 619 2514; x_wconf 90' lang='lat' dir='ltr'>neorum</span> <span class='ocrx_word' id='word_1_136' title='bbox 648 2445 910 2512; x_wconf 89' lang='lat' dir='ltr'>conclusionibus</span> <span class='ocrx_word' id='word_1_137' title='bbox 939 2447 982 2510; x_wconf 89' lang='lat' dir='ltr'>ad</span> <span class='ocrx_word' id='word_1_138' title='bbox 1006 2448 1148 2512; x_wconf 90' lang='lat' dir='ltr'>sonitum</span> <span class='ocrx_word' id='word_1_139' title='bbox 1174 2448 1308 2512; x_wconf 88' lang='lat' dir='ltr'>musicis</span> <span class='ocrx_word' id='word_1_140' title='bbox 1330 2449 1558 2514; x_wconf 86' lang='lat' dir='ltr'>auditionibus</span> <span class='ocrx_word' id='word_1_141' title='bbox 1582 2471 1633 2513; x_wconf 90' lang='lat' dir='ltr'>ca-</span> 
     </span>
     <span class='ocr_line' id='line_1_19' title="bbox 484 2549 884 2638; baseline -0.003 -24"><span class='ocrx_word' id='word_1_142' title='bbox 484 2549 630 2638; x_wconf 90' lang='lat' dir='ltr'>tapultae</span> <span class='ocrx_word' id='word_1_143' title='bbox 651 2559 884 2635; x_wconf 87' lang='lat' dir='ltr'>temperantur.</span> 
     </span>
     <span class='ocr_line' id='line_1_20' title="bbox 401 2650 1633 2742; baseline 0 -24"><span class='ocrx_word' id='word_1_144' title='bbox 401 2667 467 2718; x_wconf 81' lang='lat' dir='ltr'>xlx</span> <span class='ocrx_word' id='word_1_145' title='bbox 569 2652 622 2715; x_wconf 90' lang='lat' dir='ltr'>De</span> <span class='ocrx_word' id='word_1_146' title='bbox 654 2650 705 2715; x_wconf 93' lang='lat' dir='ltr'>his</span> <span class='ocrx_word' id='word_1_147' title='bbox 745 2651 842 2715; x_wconf 90' lang='lat' dir='ltr'>rebus</span> <span class='ocrx_word' id='word_1_148' title='bbox 876 2673 957 2738; x_wconf 88' lang='lat' dir='ltr'>quae</span> <span class='ocrx_word' id='word_1_149' title='bbox 990 2653 1082 2738; x_wconf 90' lang='lat' dir='ltr'>potui</span> <span class='ocrx_word' id='word_1_150' title='bbox 1117 2650 1199 2715; x_wconf 82' lang='lat' dir='ltr'>dixi.</span> <span class='ocrx_word' id='word_1_151' title='bbox 1249 2661 1351 2716; x_wconf 87' lang='lat' dir='ltr'>restat</span> <span class='ocrx_word' id='word_1_152' title='bbox 1382 2652 1466 2718; x_wconf 92' lang='lat' dir='ltr'>mihi</span> <span class='ocrx_word' id='word_1_153' title='bbox 1501 2653 1542 2717; x_wconf 89' lang='lat' dir='ltr'>de</span> <span class='ocrx_word' id='word_1_154' title='bbox 1577 2676 1633 2742; x_wconf 87' lang='lat' dir='ltr'>op-</span> 
     </span>
     <span class='ocr_line' id='line_1_21' title="bbox 433 2752 1633 2843; baseline -0.002 -23"><span class='ocrx_word' id='word_1_155' title='bbox 433 2753 688 2843; x_wconf 70' lang='lat' dir='ltr'>repugnatoriis</span> <span class='ocrx_word' id='word_1_156' title='bbox 726 2752 824 2817; x_wconf 88' lang='lat' dir='ltr'>rebus</span> <span class='ocrx_word' id='word_1_157' title='bbox 859 2753 1131 2839; x_wconf 89' lang='lat' dir='ltr'>quemadmodum</span> <span class='ocrx_word' id='word_1_158' title='bbox 1166 2754 1464 2832; x_wconf 82' lang='lat' dir='ltr'>machinationibus</span> <span class='ocrx_word' id='word_1_159' title='bbox 1503 2764 1536 2819; x_wconf 92' lang='lat' dir='ltr'>et</span> <span class='ocrx_word' id='word_1_160' title='bbox 1572 2755 1633 2818; x_wconf 91' lang='lat' dir='ltr'>du-</span> 
     </span>
     <span class='ocr_line' id='line_1_22' title="bbox 484 2854 1714 2944; baseline 0.002 -22"><span class='ocrx_word' id='word_1_161' title='bbox 484 2879 537 2923; x_wconf 89' lang='lat' dir='ltr'>ces</span> <span class='ocrx_word' id='word_1_162' title='bbox 566 2859 707 2923; x_wconf 83' lang='lat' dir='ltr'>victores</span> <span class='ocrx_word' id='word_1_163' title='bbox 746 2865 778 2920; x_wconf 89' lang='lat' dir='ltr'>et</span> <span class='ocrx_word' id='word_1_164' title='bbox 815 2857 966 2920; x_wconf 81' lang='lat' dir='ltr'>civitates</span> <span class='ocrx_word' id='word_1_165' title='bbox 1000 2854 1154 2920; x_wconf 86' lang='lat' dir='ltr'>defensae</span> <span class='ocrx_word' id='word_1_166' title='bbox 1190 2877 1262 2921; x_wconf 88' lang='lat' dir='ltr'>esse</span> <span class='ocrx_word' id='word_1_167' title='bbox 1292 2857 1431 2943; x_wconf 85' lang='lat' dir='ltr'>possint.</span> <span class='ocrx_word' id='word_1_168' title='bbox 1488 2858 1714 2944; x_wconf 67' lang='lat' dir='ltr'>primumrxm</span> 
     </span>
    </p>
   </div>
   <div class='ocr_carea' id='block_1_3' title="bbox 432 2958 1634 3352">
    <p class='ocr_par' dir='ltr' id='par_1_3' title="bbox 432 2958 1634 3352">
     <span class='ocr_line' id='line_1_23' title="bbox 483 2958 1634 3048; baseline -0.002 -23"><span class='ocrx_word' id='word_1_169' title='bbox 483 2961 527 3025; x_wconf 91' lang='lat' dir='ltr'>ad</span> <span class='ocrx_word' id='word_1_170' title='bbox 548 2960 807 3048; x_wconf 82' lang='lat' dir='ltr'>oppugnationes</span> <span class='ocrx_word' id='word_1_171' title='bbox 835 2958 920 3021; x_wconf 86' lang='lat' dir='ltr'>aries</span> <span class='ocrx_word' id='word_1_172' title='bbox 947 2960 995 3021; x_wconf 89' lang='lat' dir='ltr'>sic</span> <span class='ocrx_word' id='word_1_173' title='bbox 1023 2959 1177 3022; x_wconf 90' lang='lat' dir='ltr'>inventus</span> <span class='ocrx_word' id='word_1_174' title='bbox 1205 2968 1402 3023; x_wconf 90' lang='lat' dir='ltr'>memoratur</span> <span class='ocrx_word' id='word_1_175' title='bbox 1424 2980 1507 3023; x_wconf 89' lang='lat' dir='ltr'>esse.</span> <span class='ocrx_word' id='word_1_176' title='bbox 1551 2958 1634 3024; x_wconf 83' lang='lat' dir='ltr'>Car-</span> 
     </span>
     <span class='ocr_line' id='line_1_24' title="bbox 482 3059 1633 3148; baseline -0.003 -21"><span class='ocrx_word' id='word_1_177' title='bbox 482 3062 705 3148; x_wconf 89' lang='lat' dir='ltr'>thaginienses</span> <span class='ocrx_word' id='word_1_178' title='bbox 754 3061 797 3124; x_wconf 88' lang='lat' dir='ltr'>ad</span> <span class='ocrx_word' id='word_1_179' title='bbox 844 3059 954 3124; x_wconf 84' lang='lat' dir='ltr'>Gades</span> <span class='ocrx_word' id='word_1_180' title='bbox 1000 3059 1234 3147; x_wconf 87' lang='lat' dir='ltr'>oppugnandas</span> <span class='ocrx_word' id='word_1_181' title='bbox 1283 3068 1391 3123; x_wconf 86' lang='lat' dir='ltr'>castra</span> <span class='ocrx_word' id='word_1_182' title='bbox 1439 3072 1633 3147; x_wconf 89' lang='lat' dir='ltr'>posuerunt.</span> 
     </span>
     <span class='ocr_line' id='line_1_25' title="bbox 484 3160 1633 3249; baseline 0.001 -21"><span class='ocrx_word' id='word_1_183' title='bbox 484 3186 558 3228; x_wconf 89' lang='lat' dir='ltr'>cnm</span> <span class='ocrx_word' id='word_1_184' title='bbox 589 3172 700 3227; x_wconf 89' lang='lat' dir='ltr'>autem</span> <span class='ocrx_word' id='word_1_185' title='bbox 726 3160 896 3226; x_wconf 90' lang='lat' dir='ltr'>castellum</span> <span class='ocrx_word' id='word_1_186' title='bbox 922 3172 998 3225; x_wconf 88' lang='lat' dir='ltr'>ante</span> <span class='ocrx_word' id='word_1_187' title='bbox 1026 3163 1205 3249; x_wconf 76' lang='lat' dir='ltr'>cepissent,</span> <span class='ocrx_word' id='word_1_188' title='bbox 1228 3160 1263 3225; x_wconf 91' lang='lat' dir='ltr'>id</span> <span class='ocrx_word' id='word_1_189' title='bbox 1300 3160 1451 3227; x_wconf 87' lang='lat' dir='ltr'>demoliri</span> <span class='ocrx_word' id='word_1_190' title='bbox 1480 3172 1557 3228; x_wconf 91' lang='lat' dir='ltr'>suut</span> <span class='ocrx_word' id='word_1_191' title='bbox 1580 3185 1633 3229; x_wconf 89' lang='lat' dir='ltr'>co-</span> 
     </span>
     <span class='ocr_line' id='line_1_26' title="bbox 432 3261 1632 3352; baseline -0.002 -21"><span class='ocrx_word' id='word_1_192' title='bbox 432 3282 467 3331; x_wconf 82' lang='lat'>25</span> <span class='ocrx_word' id='word_1_193' title='bbox 483 3267 563 3331; x_wconf 85' lang='lat' dir='ltr'>nati.</span> <span class='ocrx_word' id='word_1_194' title='bbox 618 3275 829 3352; x_wconf 86' lang='lat' dir='ltr'>posteaquam</span> <span class='ocrx_word' id='word_1_195' title='bbox 861 3285 927 3328; x_wconf 91' lang='lat' dir='ltr'>non</span> <span class='ocrx_word' id='word_1_196' title='bbox 958 3263 1143 3327; x_wconf 88' lang='lat' dir='ltr'>hahuerunt</span> <span class='ocrx_word' id='word_1_197' title='bbox 1174 3262 1217 3327; x_wconf 92' lang='lat' dir='ltr'>ad</span> <span class='ocrx_word' id='word_1_198' title='bbox 1251 3261 1498 3327; x_wconf 88' lang='lat' dir='ltr'>demolitionem</span> <span class='ocrx_word' id='word_1_199' title='bbox 1529 3264 1632 3330; x_wconf 86' lang='lat' dir='ltr'>ferra·</span> 
     </span>
    </p>
   </div>
   <div class='ocr_carea' id='block_1_4' title="bbox 421 3535 1635 4792">
    <p class='ocr_par' dir='ltr' id='par_1_4' title="bbox 482 3535 1635 4369">
     <span class='ocr_line' id='line_1_27' title="bbox 552 3535 1634 3606; baseline 0.004 -17"><span class='ocrx_word' id='word_1_200' title='bbox 552 3543 565 3589; x_wconf 94' lang='lat'>1</span> <span class='ocrx_word' id='word_1_201' title='bbox 586 3556 636 3590; x_wconf 88' lang='lat' dir='ltr'>eae</span> <span class='ocrx_word' id='word_1_202' title='bbox 651 3540 701 3590; x_wconf 91' lang='grc' dir='ltr'>ΕΗ</span> <span class='ocrx_word' id='word_1_203' title='bbox 720 3540 763 3600; x_wconf 90' lang='lat' dir='ltr'>(L,</span> <span class='ocrx_word' id='word_1_204' title='bbox 775 3542 823 3589; x_wconf 83' lang='lat' dir='ltr'>red</span> <span class='ocrx_word' id='word_1_205' title='bbox 839 3537 877 3588; x_wconf 73' lang='lat' dir='ltr'>Le</span> <span class='ocrx_word' id='word_1_206' title='bbox 892 3545 966 3601; x_wconf 54' lang='lat' dir='ltr'>tene,</span> <span class='ocrx_word' id='word_1_207' title='bbox 984 3538 1019 3604; x_wconf 72' lang='lat' dir='ltr'>hp</span> <span class='ocrx_word' id='word_1_208' title='bbox 1037 3540 1080 3601; x_wconf 86' lang='lat' dir='ltr'>lc).</span> <span class='ocrx_word' id='word_1_209' title='bbox 1094 3535 1106 3606; x_wconf 78' lang='grc' dir='ltr'><em>Η</em></span> <span class='ocrx_word' id='word_1_210' title='bbox 1117 3537 1281 3591; x_wconf 83' lang='lat' dir='ltr'>rudentibus</span> <span class='ocrx_word' id='word_1_211' title='bbox 1293 3539 1331 3590; x_wconf 83' lang='lat' dir='ltr'>L:</span> <span class='ocrx_word' id='word_1_212' title='bbox 1349 3540 1569 3593; x_wconf 85' lang='lat' dir='ltr'>rutundentibus</span> <span class='ocrx_word' id='word_1_213' title='bbox 1582 3542 1634 3593; x_wconf 87' lang='grc' dir='ltr'>ΕΗ</span> 
     </span>
     <span class='ocr_line' id='line_1_28' title="bbox 483 3620 1634 3695; baseline 0.003 -22"><span class='ocrx_word' id='word_1_214' title='bbox 483 3624 705 3688; x_wconf 78' lang='lat' dir='ltr'>(retardantibus</span> <span class='ocrx_word' id='word_1_215' title='bbox 726 3624 770 3685; x_wconf 84' lang='lat' dir='ltr'>Ic).</span> <span class='ocrx_word' id='word_1_216' title='bbox 796 3620 808 3689; x_wconf 79' lang='lat' dir='ltr'>ll</span> <span class='ocrx_word' id='word_1_217' title='bbox 829 3626 844 3671; x_wconf 82' lang='lat'><strong>2</strong></span> <span class='ocrx_word' id='word_1_218' title='bbox 863 3628 977 3687; x_wconf 87' lang='lat' dir='ltr'>potuero</span> <span class='ocrx_word' id='word_1_219' title='bbox 1002 3624 1062 3675; x_wconf 92' lang='grc' dir='ltr'>ΕΗ.</span> <span class='ocrx_word' id='word_1_220' title='bbox 1086 3621 1098 3689; x_wconf 85' lang='grc' dir='ltr'>ΙΙ</span> <span class='ocrx_word' id='word_1_221' title='bbox 1126 3628 1141 3673; x_wconf 88' lang='grc'><strong>3</strong></span> <span class='ocrx_word' id='word_1_222' title='bbox 1165 3625 1307 3675; x_wconf 86' lang='lat' dir='ltr'>cheloniae</span> <span class='ocrx_word' id='word_1_223' title='bbox 1326 3626 1417 3691; x_wconf 75' lang='lat' dir='ltr'>(-ni‹2</span> <span class='ocrx_word' id='word_1_224' title='bbox 1437 3625 1470 3689; x_wconf 92' lang='grc' dir='ltr'>Ε)</span> <span class='ocrx_word' id='word_1_225' title='bbox 1496 3626 1556 3676; x_wconf 91' lang='grc' dir='ltr'>ΕΗ.</span> <span class='ocrx_word' id='word_1_226' title='bbox 1583 3624 1597 3695; x_wconf 76' lang='lat' dir='ltr'>ll</span> <span class='ocrx_word' id='word_1_227' title='bbox 1617 3631 1634 3677; x_wconf 86' lang='lat'>4</span> 
     </span>
     <span class='ocr_line' id='line_1_29' title="bbox 483 3704 1633 3776; baseline 0.002 -16"><span class='ocrx_word' id='word_1_228' title='bbox 483 3709 632 3760; x_wconf 85' lang='lat' dir='ltr'>cluduntur</span> <span class='ocrx_word' id='word_1_229' title='bbox 650 3708 709 3760; x_wconf 95' lang='grc' dir='ltr'>ΕΗ.</span> <span class='ocrx_word' id='word_1_230' title='bbox 732 3704 744 3772; x_wconf 91' lang='grc' dir='ltr'>ΙΙ</span> <span class='ocrx_word' id='word_1_231' title='bbox 767 3707 879 3771; x_wconf 69' lang='lat' dir='ltr'>succnlq</span> <span class='ocrx_word' id='word_1_232' title='bbox 895 3708 923 3756; x_wconf 85' lang='lat' dir='ltr'>G.</span> <span class='ocrx_word' id='word_1_233' title='bbox 939 3704 951 3772; x_wconf 87' lang='grc' dir='ltr'>ΙΙ</span> <span class='ocrx_word' id='word_1_234' title='bbox 967 3710 983 3757; x_wconf 82' lang='grc'>5</span> <span class='ocrx_word' id='word_1_235' title='bbox 1001 3710 1163 3757; x_wconf 86' lang='lat' dir='ltr'>insecantur</span> <span class='ocrx_word' id='word_1_236' title='bbox 1176 3710 1193 3772; x_wconf 83' lang='lat'>(.</span> <span class='ocrx_word' id='word_1_237' title='bbox 1209 3709 1242 3776; x_wconf 88' lang='grc' dir='ltr'>Ε)</span> <span class='ocrx_word' id='word_1_238' title='bbox 1261 3710 1424 3759; x_wconf 83' lang='lat' dir='ltr'>exciduntur</span> <span class='ocrx_word' id='word_1_239' title='bbox 1438 3710 1491 3760; x_wconf 93' lang='grc' dir='ltr'>ΕΗ</span> <span class='ocrx_word' id='word_1_240' title='bbox 1509 3709 1550 3772; x_wconf 88' lang='lat' dir='ltr'>(ct</span> <span class='ocrx_word' id='word_1_241' title='bbox 1568 3715 1633 3766; x_wconf 79' lang='lat' dir='ltr'>add.</span> 
     </span>
     <span class='ocr_line' id='line_1_30' title="bbox 482 3786 1635 3860; baseline 0 -15"><span class='ocrx_word' id='word_1_242' title='bbox 482 3793 563 3857; x_wconf 71' lang='lat' dir='ltr'>loa).</span> <span class='ocrx_word' id='word_1_243' title='bbox 586 3790 599 3860; x_wconf 77' lang='lat' dir='ltr'>ll</span> <span class='ocrx_word' id='word_1_244' title='bbox 621 3792 829 3844; x_wconf 72' lang='lat' dir='ltr'>ddistenentnr</span> <span class='ocrx_word' id='word_1_245' title='bbox 847 3792 907 3841; x_wconf 85' lang='lat' dir='ltr'>GH.</span> <span class='ocrx_word' id='word_1_246' title='bbox 931 3786 943 3856; x_wconf 79' lang='lat' dir='ltr'>l}</span> <span class='ocrx_word' id='word_1_247' title='bbox 965 3794 981 3842; x_wconf 72' lang='lat'>*1</span> <span class='ocrx_word' id='word_1_248' title='bbox 1000 3807 1032 3841; x_wconf 87' lang='lat' dir='ltr'>ea</span> <span class='ocrx_word' id='word_1_249' title='bbox 1050 3801 1110 3843; x_wconf 75' lang='lat' dir='ltr'>aute</span> <span class='ocrx_word' id='word_1_250' title='bbox 1132 3810 1200 3844; x_wconf 84' lang='lat' dir='ltr'>corr.</span> <span class='ocrx_word' id='word_1_251' title='bbox 1218 3810 1266 3848; x_wconf 87' lang='lat' dir='ltr'>om.</span> <span class='ocrx_word' id='word_1_252' title='bbox 1286 3794 1316 3845; x_wconf 93' lang='grc' dir='ltr'>Ε.</span> <span class='ocrx_word' id='word_1_253' title='bbox 1339 3789 1352 3859; x_wconf 77' lang='grc' dir='ltr'>ΙΙ</span> <span class='ocrx_word' id='word_1_254' title='bbox 1374 3795 1391 3843; x_wconf 86' lang='lat'>8</span> <span class='ocrx_word' id='word_1_255' title='bbox 1409 3810 1480 3859; x_wconf 85' lang='lat' dir='ltr'>quas</span> <span class='ocrx_word' id='word_1_256' title='bbox 1503 3798 1635 3860; x_wconf 79' lang='lat' dir='ltr'>epysyci-</span> 
     </span>
     <span class='ocr_line' id='line_1_31' title="bbox 483 3873 1634 3943; baseline 0.001 -13"><span class='ocrx_word' id='word_1_257' title='bbox 483 3880 534 3930; x_wconf 82' lang='lat' dir='ltr'>das</span> <span class='ocrx_word' id='word_1_258' title='bbox 554 3881 605 3930; x_wconf 93' lang='grc' dir='ltr'>ΕΗ</span> <span class='ocrx_word' id='word_1_259' title='bbox 618 3878 697 3941; x_wconf 83' lang='lat' dir='ltr'>(corr.</span> <span class='ocrx_word' id='word_1_260' title='bbox 715 3875 814 3939; x_wconf 65' lang='lat' dir='ltr'>Tura).</span> <span class='ocrx_word' id='word_1_261' title='bbox 831 3873 876 3943; x_wconf 79' lang='grc'>119</span> <span class='ocrx_word' id='word_1_262' title='bbox 894 3874 1149 3941; x_wconf 77' lang='lat' dir='ltr'>rudeulinduuntur</span> <span class='ocrx_word' id='word_1_263' title='bbox 1166 3888 1225 3928; x_wconf 80' lang='lat' dir='ltr'>ante</span> <span class='ocrx_word' id='word_1_264' title='bbox 1243 3894 1312 3929; x_wconf 81' lang='lat' dir='ltr'>corr.</span> <span class='ocrx_word' id='word_1_265' title='bbox 1327 3879 1356 3935; x_wconf 88' lang='grc' dir='ltr'>Ε,</span> <span class='ocrx_word' id='word_1_266' title='bbox 1374 3879 1497 3929; x_wconf 65' lang='lat' dir='ltr'>rudenti</span> <span class='ocrx_word' id='word_1_267' title='bbox 1513 3880 1634 3931; x_wconf 88' lang='lat' dir='ltr'>induun-</span> 
     </span>
     <span class='ocr_line' id='line_1_32' title="bbox 484 3960 1634 4031; baseline 0.002 -17"><span class='ocrx_word' id='word_1_268' title='bbox 484 3970 528 4015; x_wconf 84' lang='lat' dir='ltr'>tur</span> <span class='ocrx_word' id='word_1_269' title='bbox 546 3967 578 4014; x_wconf 88' lang='lat' dir='ltr'><em>H</em></span> <span class='ocrx_word' id='word_1_270' title='bbox 593 3964 661 4031; x_wconf 63' lang='lat'>(410,</span> <span class='ocrx_word' id='word_1_271' title='bbox 680 3963 839 4013; x_wconf 87' lang='lat' dir='ltr'>incluuntur</span> <span class='ocrx_word' id='word_1_272' title='bbox 856 3963 881 4024; x_wconf 76' lang='lat' dir='ltr'>t,</span> <span class='ocrx_word' id='word_1_273' title='bbox 901 3961 1081 4011; x_wconf 88' lang='lat' dir='ltr'>includuntur</span> <span class='ocrx_word' id='word_1_274' title='bbox 1097 3963 1148 4026; x_wconf 71' lang='lat' dir='ltr'>tv).</span> <span class='ocrx_word' id='word_1_275' title='bbox 1169 3960 1180 4027; x_wconf 87' lang='grc' dir='ltr'>ΙΙ</span> <span class='ocrx_word' id='word_1_276' title='bbox 1204 3967 1236 4012; x_wconf 84' lang='grc'>10</span> <span class='ocrx_word' id='word_1_277' title='bbox 1254 3964 1410 4027; x_wconf 79' lang='lat' dir='ltr'>capitulani</span> <span class='ocrx_word' id='word_1_278' title='bbox 1428 3967 1458 4013; x_wconf 90' lang='lat' dir='ltr'>in</span> <span class='ocrx_word' id='word_1_279' title='bbox 1477 3962 1634 4029; x_wconf 80' lang='lat' dir='ltr'>(-rnmlin</span> 
     </span>
     <span class='ocr_line' id='line_1_33' title="bbox 485 4042 1631 4114; baseline 0 -14"><span class='ocrx_word' id='word_1_280' title='bbox 485 4051 517 4114; x_wconf 92' lang='grc' dir='ltr'>Ε)</span> <span class='ocrx_word' id='word_1_281' title='bbox 543 4051 593 4099; x_wconf 91' lang='grc' dir='ltr'>ΕΗ</span> <span class='ocrx_word' id='word_1_282' title='bbox 613 4048 654 4111; x_wconf 86' lang='lat' dir='ltr'>(et</span> <span class='ocrx_word' id='word_1_283' title='bbox 675 4051 737 4099; x_wconf 80' lang='lat' dir='ltr'>add.</span> <span class='ocrx_word' id='word_1_284' title='bbox 759 4043 836 4110; x_wconf 69' lang='lat' dir='ltr'>loe).</span> <span class='ocrx_word' id='word_1_285' title='bbox 860 4042 872 4111; x_wconf 92' lang='grc' dir='ltr'>ΙΙ</span> <span class='ocrx_word' id='word_1_286' title='bbox 899 4045 1000 4111; x_wconf 74' lang='lat' dir='ltr'>pondre</span> <span class='ocrx_word' id='word_1_287' title='bbox 1017 4047 1054 4095; x_wconf 94' lang='lat' dir='ltr'>H.</span> <span class='ocrx_word' id='word_1_288' title='bbox 1079 4044 1145 4113; x_wconf 76' lang='lat' dir='ltr'>llll</span> <span class='ocrx_word' id='word_1_289' title='bbox 1163 4046 1274 4097; x_wconf 83' lang='lat' dir='ltr'>suculas</span> <span class='ocrx_word' id='word_1_290' title='bbox 1291 4049 1359 4101; x_wconf 82' lang='lat' dir='ltr'>Joc.:</span> <span class='ocrx_word' id='word_1_291' title='bbox 1387 4048 1516 4099; x_wconf 82' lang='lat' dir='ltr'>suculam</span> <span class='ocrx_word' id='word_1_292' title='bbox 1535 4050 1598 4100; x_wconf 83' lang='lat' dir='ltr'>GH.</span> <span class='ocrx_word' id='word_1_293' title='bbox 1618 4047 1631 4114; x_wconf 74' lang='lat' dir='ltr'>l!</span> 
     </span>
     <span class='ocr_line' id='line_1_34' title="bbox 484 4129 1634 4199; baseline 0.002 -17"><span class='ocrx_word' id='word_1_294' title='bbox 484 4136 640 4184; x_wconf 86' lang='lat' dir='ltr'>coiciuntur</span> <span class='ocrx_word' id='word_1_295' title='bbox 657 4131 676 4195; x_wconf 93' lang='lat'>(.</span> <span class='ocrx_word' id='word_1_296' title='bbox 691 4133 722 4196; x_wconf 92' lang='grc' dir='ltr'>Ε)</span> <span class='ocrx_word' id='word_1_297' title='bbox 741 4131 918 4182; x_wconf 84' lang='lat' dir='ltr'>involvuntur</span> <span class='ocrx_word' id='word_1_298' title='bbox 936 4133 987 4182; x_wconf 93' lang='grc' dir='ltr'>ΕΗ</span> <span class='ocrx_word' id='word_1_299' title='bbox 1006 4130 1088 4196; x_wconf 64' lang='lat' dir='ltr'>(Lacu,</span> <span class='ocrx_word' id='word_1_300' title='bbox 1107 4131 1130 4181; x_wconf 75' lang='lat' dir='ltr'>du</span> <span class='ocrx_word' id='word_1_301' title='bbox 1148 4133 1209 4182; x_wconf 82' lang='lat' dir='ltr'>add.</span> <span class='ocrx_word' id='word_1_302' title='bbox 1227 4132 1277 4197; x_wconf 66' lang='lat' dir='ltr'>pc),</span> <span class='ocrx_word' id='word_1_303' title='bbox 1293 4129 1305 4199; x_wconf 84' lang='grc' dir='ltr'>[Ι</span> <span class='ocrx_word' id='word_1_304' title='bbox 1323 4136 1354 4181; x_wconf 84' lang='grc'>12</span> <span class='ocrx_word' id='word_1_305' title='bbox 1373 4134 1482 4183; x_wconf 83' lang='lat' dir='ltr'>extenti</span> <span class='ocrx_word' id='word_1_306' title='bbox 1498 4134 1634 4185; x_wconf 86' lang='lat' dir='ltr'>rudentes</span> 
     </span>
     <span class='ocr_line' id='line_1_35' title="bbox 482 4212 1630 4286; baseline 0.002 -20"><span class='ocrx_word' id='word_1_307' title='bbox 482 4220 553 4270; x_wconf 67' lang='lat' dir='ltr'>dou:</span> <span class='ocrx_word' id='word_1_308' title='bbox 572 4219 752 4268; x_wconf 77' lang='lat' dir='ltr'>extrudentes</span> <span class='ocrx_word' id='word_1_309' title='bbox 771 4218 829 4267; x_wconf 85' lang='lat' dir='ltr'>GH.</span> <span class='ocrx_word' id='word_1_310' title='bbox 852 4212 864 4282; x_wconf 83' lang='grc' dir='ltr'>ΙΙ</span> <span class='ocrx_word' id='word_1_311' title='bbox 887 4216 1006 4280; x_wconf 85' lang='lat' dir='ltr'>aequale</span> <span class='ocrx_word' id='word_1_312' title='bbox 1026 4218 1056 4267; x_wconf 86' lang='lat' dir='ltr'>G.</span> <span class='ocrx_word' id='word_1_313' title='bbox 1079 4213 1092 4282; x_wconf 80' lang='grc' dir='ltr'>ΙΙ</span> <span class='ocrx_word' id='word_1_314' title='bbox 1115 4220 1147 4267; x_wconf 88' lang='grc'>13</span> <span class='ocrx_word' id='word_1_315' title='bbox 1168 4217 1292 4266; x_wconf 84' lang='lat' dir='ltr'>habeant</span> <span class='ocrx_word' id='word_1_316' title='bbox 1312 4218 1384 4267; x_wconf 72' lang='lat' dir='ltr'>doc:</span> <span class='ocrx_word' id='word_1_317' title='bbox 1407 4218 1516 4268; x_wconf 84' lang='lat' dir='ltr'>habent</span> <span class='ocrx_word' id='word_1_318' title='bbox 1534 4218 1596 4269; x_wconf 85' lang='lat' dir='ltr'>GH.</span> <span class='ocrx_word' id='word_1_319' title='bbox 1618 4218 1630 4286; x_wconf 71' lang='lat' dir='ltr'>tl</span> 
     </span>
     <span class='ocr_line' id='line_1_36' title="bbox 484 4300 1633 4369; baseline 0.001 -17"><span class='ocrx_word' id='word_1_320' title='bbox 484 4305 516 4352; x_wconf 85' lang='grc'>16</span> <span class='ocrx_word' id='word_1_321' title='bbox 534 4307 642 4353; x_wconf 84' lang='lat' dir='ltr'>sonaent</span> <span class='ocrx_word' id='word_1_322' title='bbox 653 4302 682 4351; x_wconf 89' lang='lat' dir='ltr'><em>H</em></span> <span class='ocrx_word' id='word_1_323' title='bbox 700 4303 728 4364; x_wconf 81' lang='grc' dir='ltr'>(ἰ.</span> <span class='ocrx_word' id='word_1_324' title='bbox 740 4318 764 4352; x_wconf 86' lang='lat' dir='ltr'>e.</span> <span class='ocrx_word' id='word_1_325' title='bbox 777 4306 877 4351; x_wconf 84' lang='lat' dir='ltr'>sonant</span> <span class='ocrx_word' id='word_1_326' title='bbox 889 4309 949 4350; x_wconf 83' lang='lat' dir='ltr'>onte</span> <span class='ocrx_word' id='word_1_327' title='bbox 960 4303 1010 4365; x_wconf 74' lang='lat' dir='ltr'>ipa.</span> <span class='ocrx_word' id='word_1_328' title='bbox 1023 4318 1091 4352; x_wconf 80' lang='lat' dir='ltr'>corr.</span> <span class='ocrx_word' id='word_1_329' title='bbox 1105 4302 1141 4356; x_wconf 93' lang='grc' dir='ltr'>Η,</span> <span class='ocrx_word' id='word_1_330' title='bbox 1155 4302 1342 4350; x_wconf 78' lang='lat' dir='ltr'>sonentHc=</span> <span class='ocrx_word' id='word_1_331' title='bbox 1348 4302 1377 4361; x_wconf 88' lang='grc' dir='ltr'>Ε,</span> <span class='ocrx_word' id='word_1_332' title='bbox 1388 4307 1492 4351; x_wconf 83' lang='lat' dir='ltr'>sonant</span> <span class='ocrx_word' id='word_1_333' title='bbox 1508 4302 1560 4364; x_wconf 72' lang='lat' dir='ltr'>cle).</span> <span class='ocrx_word' id='word_1_334' title='bbox 1574 4300 1587 4369; x_wconf 78' lang='lat' dir='ltr'>l}</span> <span class='ocrx_word' id='word_1_335' title='bbox 1600 4307 1633 4354; x_wconf 87' lang='grc'>17</span> 
     </span>
    </p>

    <p class='ocr_par' dir='ltr' id='par_1_5' title="bbox 421 4376 1632 4792">
     <span class='ocr_line' id='line_1_37' title="bbox 421 4376 1632 4452; baseline 0.002 -16"><span class='ocrx_word' id='word_1_336' title='bbox 421 4376 427 4392; x_wconf 80' lang='grc'><strong><em>’</em></strong></span> <span class='ocrx_word' id='word_1_337' title='bbox 484 4388 647 4452; x_wconf 83' lang='lat' dir='ltr'>catapultae</span> <span class='ocrx_word' id='word_1_338' title='bbox 659 4388 729 4437; x_wconf 67' lang='lat' dir='ltr'>doc:</span> <span class='ocrx_word' id='word_1_339' title='bbox 743 4386 888 4449; x_wconf 87' lang='lat' dir='ltr'>catapulta</span> <span class='ocrx_word' id='word_1_340' title='bbox 902 4387 960 4437; x_wconf 91' lang='grc' dir='ltr'>ΕΗ.</span> <span class='ocrx_word' id='word_1_341' title='bbox 972 4383 985 4451; x_wconf 76' lang='grc' dir='ltr'><em>Η</em></span> <span class='ocrx_word' id='word_1_342' title='bbox 996 4388 1029 4434; x_wconf 74' lang='lat'>22</span> <span class='ocrx_word' id='word_1_343' title='bbox 1038 4387 1257 4450; x_wconf 84' lang='lat' dir='ltr'>oppugnationes</span> <span class='ocrx_word' id='word_1_344' title='bbox 1271 4387 1293 4436; x_wconf 89' lang='grc' dir='ltr'><em>Ε</em></span> <span class='ocrx_word' id='word_1_345' title='bbox 1298 4404 1305 4434; x_wconf 92' lang='lat'><strong>:</strong></span> <span class='ocrx_word' id='word_1_346' title='bbox 1321 4388 1397 4435; x_wconf 87' lang='lat' dir='ltr'>—nis</span> <span class='ocrx_word' id='word_1_347' title='bbox 1407 4388 1436 4435; x_wconf 90' lang='lat' dir='ltr'><em>H</em></span> <span class='ocrx_word' id='word_1_348' title='bbox 1448 4386 1529 4451; x_wconf 76' lang='lat' dir='ltr'>(hta).</span> <span class='ocrx_word' id='word_1_349' title='bbox 1542 4385 1555 4452; x_wconf 81' lang='grc' dir='ltr'>ΙΙ</span> <span class='ocrx_word' id='word_1_350' title='bbox 1573 4405 1632 4438; x_wconf 86' lang='lat' dir='ltr'>me·</span> 
     </span>
     <span class='ocr_line' id='line_1_38' title="bbox 483 4465 1630 4540; baseline 0.003 -21"><span class='ocrx_word' id='word_1_351' title='bbox 483 4477 605 4521; x_wconf 85' lang='lat' dir='ltr'>moratus</span> <span class='ocrx_word' id='word_1_352' title='bbox 623 4479 682 4520; x_wconf 83' lang='lat' dir='ltr'>aute</span> <span class='ocrx_word' id='word_1_353' title='bbox 698 4488 768 4540; x_wconf 72' lang='lat' dir='ltr'>corr.</span> <span class='ocrx_word' id='word_1_354' title='bbox 788 4470 811 4520; x_wconf 96' lang='grc' dir='ltr'><em>Ε</em></span> <span class='ocrx_word' id='word_1_355' title='bbox 832 4469 902 4533; x_wconf 80' lang='lat' dir='ltr'>(item</span> <span class='ocrx_word' id='word_1_356' title='bbox 919 4479 978 4521; x_wconf 80' lang='lat' dir='ltr'>aute</span> <span class='ocrx_word' id='word_1_357' title='bbox 995 4486 1064 4519; x_wconf 85' lang='lat' dir='ltr'>corr.</span> <span class='ocrx_word' id='word_1_358' title='bbox 1083 4468 1113 4533; x_wconf 83' lang='lat'>1).</span> <span class='ocrx_word' id='word_1_359' title='bbox 1135 4465 1147 4533; x_wconf 78' lang='lat' dir='ltr'>ll</span> <span class='ocrx_word' id='word_1_360' title='bbox 1169 4471 1204 4519; x_wconf 76' lang='lat'>23</span> <span class='ocrx_word' id='word_1_361' title='bbox 1227 4470 1458 4535; x_wconf 84' lang='lat' dir='ltr'>chartagincnses</span> <span class='ocrx_word' id='word_1_362' title='bbox 1482 4472 1504 4522; x_wconf 94' lang='grc' dir='ltr'><em>Ε</em></span> <span class='ocrx_word' id='word_1_363' title='bbox 1527 4470 1630 4536; x_wconf 64' lang='grc' dir='ltr'><em>(ΜΗ),</em></span> 
     </span>
     <span class='ocr_line' id='line_1_39' title="bbox 484 4551 1632 4621; baseline 0.002 -17"><span class='ocrx_word' id='word_1_364' title='bbox 484 4556 725 4621; x_wconf 81' lang='lat' dir='ltr'>chartaginienses</span> <span class='ocrx_word' id='word_1_365' title='bbox 747 4556 777 4603; x_wconf 94' lang='grc' dir='ltr'><em>Η</em></span> <span class='ocrx_word' id='word_1_366' title='bbox 798 4554 831 4616; x_wconf 84' lang='lat'>(1,</span> <span class='ocrx_word' id='word_1_367' title='bbox 856 4556 1074 4619; x_wconf 85' lang='lat' dir='ltr'>cartaginienscs</span> <span class='ocrx_word' id='word_1_368' title='bbox 1096 4561 1156 4602; x_wconf 82' lang='lat' dir='ltr'>ante</span> <span class='ocrx_word' id='word_1_369' title='bbox 1177 4571 1246 4607; x_wconf 84' lang='lat' dir='ltr'>corr.</span> <span class='ocrx_word' id='word_1_370' title='bbox 1264 4554 1310 4619; x_wconf 83' lang='lat' dir='ltr'>L).</span> <span class='ocrx_word' id='word_1_371' title='bbox 1338 4551 1350 4621; x_wconf 91' lang='grc' dir='ltr'>ΙΙ</span> <span class='ocrx_word' id='word_1_372' title='bbox 1377 4556 1460 4619; x_wconf 83' lang='lat' dir='ltr'>gadis</span> <span class='ocrx_word' id='word_1_373' title='bbox 1480 4558 1511 4605; x_wconf 88' lang='grc' dir='ltr'><em>Η</em></span> <span class='ocrx_word' id='word_1_374' title='bbox 1533 4555 1580 4621; x_wconf 81' lang='lat' dir='ltr'>(lc)</span> <span class='ocrx_word' id='word_1_375' title='bbox 1604 4564 1632 4607; x_wconf 79' lang='lat' dir='ltr'>et</span> 
     </span>
     <span class='ocr_line' id='line_1_40' title="bbox 484 4634 1628 4707; baseline 0.004 -22"><span class='ocrx_word' id='word_1_376' title='bbox 484 4646 542 4688; x_wconf 82' lang='lat' dir='ltr'>ante</span> <span class='ocrx_word' id='word_1_377' title='bbox 564 4656 632 4689; x_wconf 79' lang='lat' dir='ltr'>corr.</span> <span class='ocrx_word' id='word_1_378' title='bbox 658 4640 679 4688; x_wconf 90' lang='grc' dir='ltr'><em>Ε</em></span> <span class='ocrx_word' id='word_1_379' title='bbox 701 4639 798 4703; x_wconf 85' lang='lat' dir='ltr'>(gades</span> <span class='ocrx_word' id='word_1_380' title='bbox 818 4638 898 4702; x_wconf 68' lang='lat'>6011).</span> <span class='ocrx_word' id='word_1_381' title='bbox 919 4634 933 4704; x_wconf 68' lang='lat' dir='ltr'>,ll</span> <span class='ocrx_word' id='word_1_382' title='bbox 956 4642 990 4688; x_wconf 80' lang='lat'>24</span> <span class='ocrx_word' id='word_1_383' title='bbox 1012 4640 1170 4704; x_wconf 82' lang='lat' dir='ltr'>coepissent</span> <span class='ocrx_word' id='word_1_384' title='bbox 1194 4640 1247 4690; x_wconf 87' lang='grc' dir='ltr'>ΕΗ</span> <span class='ocrx_word' id='word_1_385' title='bbox 1268 4639 1315 4701; x_wconf 79' lang='lat' dir='ltr'>(L,</span> <span class='ocrx_word' id='word_1_386' title='bbox 1335 4641 1478 4705; x_wconf 76' lang='lat' dir='ltr'>cqpiasent</span> <span class='ocrx_word' id='word_1_387' title='bbox 1495 4640 1539 4704; x_wconf 76' lang='lat'>10).</span> <span class='ocrx_word' id='word_1_388' title='bbox 1563 4638 1577 4707; x_wconf 83' lang='grc' dir='ltr'>ΙΙ</span> <span class='ocrx_word' id='word_1_389' title='bbox 1599 4641 1628 4690; x_wconf 91' lang='lat' dir='ltr'>id</span> 
     </span>
     <span class='ocr_line' id='line_1_41' title="bbox 484 4722 1425 4792; baseline 0.004 -19"><span class='ocrx_word' id='word_1_390' title='bbox 484 4723 590 4773; x_wconf 81' lang='lat' dir='ltr'>emoliri</span> <span class='ocrx_word' id='word_1_391' title='bbox 609 4724 638 4780; x_wconf 85' lang='lat' dir='ltr'>G,</span> <span class='ocrx_word' id='word_1_392' title='bbox 656 4722 822 4773; x_wconf 85' lang='lat' dir='ltr'>iddemolliri</span> <span class='ocrx_word' id='word_1_393' title='bbox 839 4724 869 4771; x_wconf 90' lang='grc' dir='ltr'><em>Η</em></span> <span class='ocrx_word' id='word_1_394' title='bbox 886 4723 929 4784; x_wconf 83' lang='lat' dir='ltr'>(L,</span> <span class='ocrx_word' id='word_1_395' title='bbox 947 4724 1049 4774; x_wconf 89' lang='lat' dir='ltr'>demoli</span> <span class='ocrx_word' id='word_1_396' title='bbox 1066 4728 1083 4788; x_wconf 83' lang='lat'>1,</span> <span class='ocrx_word' id='word_1_397' title='bbox 1103 4723 1226 4773; x_wconf 83' lang='lat' dir='ltr'>demoliti</span> <span class='ocrx_word' id='word_1_398' title='bbox 1243 4725 1281 4783; x_wconf 77' lang='lat' dir='ltr'>dr,</span> <span class='ocrx_word' id='word_1_399' title='bbox 1300 4726 1359 4773; x_wconf 84' lang='lat' dir='ltr'>-ri</span> <span class='ocrx_word' id='word_1_400' title='bbox 1375 4724 1425 4792; x_wconf 63' lang='grc' dir='ltr'>Η).</span> 
     </span>
    </p>
   </div>
   <div class='ocr_carea' id='block_1_5' title="bbox 0 0 2002 5825">
    <p class='ocr_par' dir='ltr' id='par_1_6' title="bbox 0 0 2002 5825">
     <span class='ocr_line' id='line_1_42' title="bbox 0 0 2002 5825; baseline 0 0"><span class='ocrx_word' id='word_1_401' title='bbox 0 0 2002 5825; x_wconf 95' lang='lat' dir='ltr'> </span> 
     </span>
    </p>
   </div>
  </div>
 </body>
</html>
