3984 5825
383 635 447 700 310
570 598 801 688 namurensis
824 624 984 675 rsanrcrs
1008 592 1349 671 nncmrrerour'csn.

386 803 469 880 cies,
497 820 517 859 u
540 813 602 879 quo
632 788 771 874 primum
799 779 904 844 lineae
932 777 1084 841 horarum
1111 775 1252 862 partitae
1273 773 1457 861 aequaliter
1480 798 1540 840 no·

387 908 507 966 tantur.
558 893 635 956 item
669 884 769 949 alium
806 881 960 944 maiorem
996 875 1153 940 circulum
1186 876 1227 939 ab
1261 874 1377 941 eodem
1413 887 1540 964 puncto
1631 950 1634 956 ,

388 995 536 1083 ungulari
559 990 672 1069 socies,
696 986 752 1072 qui
774 1003 874 1070 prope
890 1003 979 1046 oram
993 977 1178 1043 tabularum
1192 979 1347 1063 attingat,
1372 979 1416 1041 ad
1439 1001 1541 1064 quem

389 1096 525 1166 nomivis
558 1086 758 1176 temporibus
795 1083 965 1170 gnomonis
1001 1079 1117 1144 umbra
1152 1079 1313 1165 pervenit.
1368 1081 1541 1146 subtilitas

391 1222 469 1285 rugo
497 1192 639 1280 dispuris
667 1207 837 1252 mensurae
865 1184 905 1247 de
936 1183 1042 1268 spatio
1070 1180 1221 1245 horarum
1243 1183 1449 1267 expectanda
1473 1203 1577 1252 nono

392 1311 452 1382 est,
476 1293 606 1384 quando
628 1288 720 1354 aliud
742 1288 846 1351 maius
869 1295 901 1348 ct
923 1282 1013 1347 aliud
1035 1284 1143 1346 minus
1165 1280 1370 1366 horologium
1392 1285 1474 1370 poni
1489 1307 1541 1349 so-

394 1402 486 1467 litum
510 1395 674 1473 videatur,
699 1399 731 1455 ct
753 1411 818 1454 non
838 1386 978 1474 amplius
1000 1407 1104 1472 paene
1125 1383 1167 1447 ab
1190 1384 1341 1448 omuibus
1356 1387 1423 1448 nisi
1438 1395 1544 1471 quota

393 1505 437 1569 sit
460 1498 563 1565 solum
586 1492 707 1581 inquiri
723 1490 906 1555 festinetur.
944 1508 1086 1571 gnomon
1100 1487 1210 1572 itaque
1224 1486 1260 1548 in
1274 1485 1395 1570 angulo
1411 1509 1543 1552 summo

395 1606 563 1670 iuncturue
592 1592 757 1685 paululum
785 1588 915 1654 inclinis
946 1590 1092 1674 ponitur,
1127 1588 1182 1672 qni
1209 1585 1325 1650 umbra
1355 1609 1414 1652 sua
1442 1587 1544 1652 horas

396 1704 556 1787 ‹lusignct
601 1696 777 1762 constitues
809 1700 916 1755 autem
943 1686 1103 1772 horologii
1130 1696 1256 1774 partem
1284 1709 1348 1773 qua
1376 1688 1544 1752 decimam
1566 1709 1596 1758 ιο

397 1807 509 1872 hurum
536 1798 662 1866 notabit
685 1806 795 1861 eontra
818 1793 975 1856 orientem
996 1788 1280 1874 aequinoctialem,
1309 1789 1394 1853 sicut
1418 1789 1462 1852 de
1486 1811 1544 1852 ex·
1626 1854 1631 1863 ,

399 1904 515 1994 emplis
538 1899 749 1967 multifarium
771 1893 987 1978 cognoscitur.
1032 1889 1233 1973 horologium
1247 1899 1357 1953 autem
1373 1890 1464 1976 quod
1488 1890 1545 1953 he-

400 2006 575 2095 micyclium
596 1998 779 2089 appellatur
801 1993 900 2059 simili
927 1992 1024 2057 modo
1045 1992 1087 2055 de
1108 1990 1217 2077 lapide
1239 1989 1293 2054 vel
1315 1991 1356 2054 de
1379 2013 1546 2056 marmore

401 2133 477 2189 nme,
499 2122 652 2196 quattuor
675 2098 821 2188 partibus
844 2119 973 2160 sursum
995 2093 1164 2158 latioribus
1185 2091 1271 2156 infra
1291 2092 1545 2177 angustioribus

402 2226 623 2300 ‹utimum-rtur,
647 2207 690 2266 ita
713 2212 749 2263 nt
770 2199 813 2262 ab
834 2207 910 2260 ante
933 2205 965 2258 et
979 2217 999 2257 a
1014 2205 1107 2279 tergo
1128 2194 1259 2258 latiores
1280 2204 1392 2280 partes
1408 2194 1543 2274 habeat,
1566 2212 1596 2262 15

403 2315 459 2380 sed
483 2313 572 2376 frons
599 2306 798 2386 aliquantum
828 2299 1008 2381 promineat
1031 2307 1130 2382 atque
1150 2296 1297 2359 umbram
1318 2295 1421 2362 faciat
1441 2299 1547 2362 maie·

401 2436 480 2481 rom.
526 2407 585 2472 sub
613 2404 673 2464 hac
695 2400 802 2460 t'ronte
829 2397 1012 2460 rotunditas
1034 2396 1078 2460 ad
1106 2399 1263 2461 circinum
1281 2406 1430 2480 notatur,
1461 2421 1548 2485 quae

402 2522 515 2578 cavata
538 2508 694 2567 introrsus
718 2496 947 2583 hemicyclium
969 2498 1070 2562 faciat
1085 2499 1225 2562 schema.
1261 2498 1371 2562 inhac
1386 2509 1548 2564 cavatura

404 2627 468 2678 tres
491 2601 602 2669 circuli
625 2601 716 2680 liunt,
740 2621 823 2663 unus
839 2621 941 2685 prope
957 2601 1178 2663 summitatem
1191 2599 1363 2684 horologii,
1384 2600 1471 2664 alius
1488 2623 1548 2687 per

403 2707 541 2777 mediam
569 2711 773 2782 cavaturam,
800 2703 917 2765 tertius
941 2723 1043 2788 prope
1065 2723 1154 2765 oram
1177 2703 1333 2786 signetur.
1375 2723 1397 2765 a
1418 2703 1598 2768 minorem

403 2830 479 2892 orgo
507 2801 626 2866 circulo
655 2824 759 2886 usque
786 2801 829 2864 ad
850 2804 1007 2865 maiorem
1035 2803 1194 2866 circulum
1215 2801 1357 2867 horalem
1377 2826 1444 2867 una
1466 2814 1501 2868 et
1522 2823 1547 2867 x

404 2913 505 2976 linono
533 2901 676 2967 directae
704 2902 832 2989 aequali
861 2904 1036 2989 partitione
1058 2902 1235 2987 ducantur,
1266 2927 1350 2991 qnae
1369 2903 1467 2970 horas
1490 2904 1546 2970 de·

402 3012 591 3075 rnnnstrcnt.
636 3026 693 3090 per
719 3003 862 3067 medium
895 3027 972 3069 vero
1002 3005 1233 3094 hemicyclium
1259 3029 1357 3093 supra
1384 3008 1546 3070 minorem

402 3104 559 3182 circulum
574 3103 709 3190 planitia
724 3104 871 3190 aequalis
888 3106 1051 3171 subtiliori
1067 3107 1284 3172 crassitudine
1298 3108 1366 3189 fiat,
1378 3118 1417 3171 ut
1430 3117 1547 3193 aperta

402 3204 602 3274 rotunditate
625 3204 754 3291 digitali
780 3205 910 3271 facilins
934 3208 1012 3271 solis
1035 3209 1147 3275 radius
1170 3209 1298 3274 infusus
1318 3232 1377 3296 per
1391 3224 1597 3273 numerosae

403 3307 559 3372 linearum
582 3309 678 3371 horas
702 3306 912 3372 demonstret,
957 3308 1074 3375 hiemis
1097 3334 1174 3396 ergo
1195 3322 1340 3397 tempore
1361 3333 1421 3399 per
1441 3312 1546 3376 mino·

402 3431 469 3474 uun
492 3406 648 3473 circulum
670 3409 823 3491 horarum
844 3432 994 3475 numeros
1018 3412 1181 3496 servabit,
1213 3409 1442 3499 aequinoctiali
1464 3423 1545 3477 tem-

471 3647 576 3698 llinee
593 3665 619 3713 p.
643 3643 656 3713 ΙΙ
679 3652 694 3698 2
713 3650 817 3699 maiore
835 3649 892 3713 (sie)
910 3667 952 3715 ep.
967 3647 981 3715 11
1002 3654 1018 3702 3
1037 3652 1167 3717 angulari
1182 3670 1229 3717 op:
1248 3654 1343 3719 anguli
1359 3656 1411 3705 ed..
1433 3651 1447 3719 ss
1470 3670 1547 3704 oram

402 3736 458 3787 ed:
475 3733 604 3785 horarum
622 3751 662 3798 op.
685 3730 697 3799 ΙΙ
720 3733 1006 3798 odispsrimensune
1023 3754 1046 3794 o,
1066 3736 1262 3802 disparin’rsure
1284 3757 1312 3802 p.
1334 3736 1348 3804 ΙΙ
1368 3740 1385 3788 6
1407 3739 1497 3789 maius
1512 3756 1545 3803 p:

403 3819 491 3872 malus
509 3836 531 3870 e.
550 3814 564 3885 ΙΙ
585 3819 675 3869 minus
692 3834 724 3883 p:
742 3833 839 3868 manus
856 3837 877 3871 o.
902 3817 914 3884 ΙΙ
937 3822 1003 3885 poni
1020 3823 1075 3873 ed:
1093 3837 1180 3886 pones
1197 3840 1237 3887 op.
1257 3820 1271 3888 Ι]
1292 3826 1413 3887 'tpoene
1429 3841 1458 3881 r,
1476 3838 1546 3887 pene

402 3923 429 3971 p.
452 3901 465 3974 ss
487 3906 504 3956 8
522 3919 640 3970 gneum
656 3921 688 3969 p:
707 3904 833 3969 griomon
850 3921 871 3955 e.
893 3900 907 3970 ΙΙ
928 3905 1156 3972 inmgulossnmo
1172 3925 1201 3972 p.
1221 3904 1235 3973 ll
1257 3906 1431 3971 9psnlolum
1448 3926 1471 3957 a.
1486 3905 1500 3972 ΙΙ
1515 3911 1546 3957 11

404 3992 512 4042 notabit
529 4006 593 4056 eye:
610 3990 721 4040 notauit
737 4007 760 4047 r,
777 3993 845 4039 nota
862 3990 898 4037 ut·
909 4005 937 4053 p.
959 3988 973 4056 [Ι
997 3994 1028 4040 12
1047 3991 1201 4041 multifaria
1212 4010 1254 4057 ep.
1275 3988 1289 4057 ss
1310 3991 1347 4057 qo
1363 3992 1548 4057 demicyclion

404 4093 444 4140 sp.
472 4072 484 4140 tl
513 4079 544 4126 13
562 4090 695 4127 mormore
716 4092 744 4139 p.
771 4071 784 4138 ΙΙ
812 4075 843 4123 11
865 4088 959 4123 susum
980 4093 1022 4140 ep.
1046 4073 1059 4140 [Ι
1082 4079 1114 4127 15
1135 4076 1177 4126 ita
1197 4083 1241 4126 ut:
1263 4080 1302 4127 sic
1322 4094 1363 4141 ep.
1385 4073 1400 4140 [l
1423 4077 1455 4125 16
1472 4077 1547 4127 frons

403 4176 435 4223 p:
455 4159 518 4209 sons
535 4177 557 4209 r.
581 4156 594 4224 {l
617 4160 705 4210 facist
724 4160 778 4209 ed:
798 4158 906 4208 saciant
924 4176 965 4223 ep.
986 4156 1000 4223 ΙΙ
1024 4162 1055 4210 Π
1073 4162 1165 4211 fronte
1182 4162 1238 4210 ed:
1257 4162 1362 4212 frontes
1379 4178 1420 4225 ep.
1441 4157 1456 4225 {l
1477 4162 1547 4210 noti-

405 4251 452 4293 tur
468 4261 491 4296 r.
513 4240 526 4307 ll
550 4244 582 4294 18
599 4245 734 4294 introrsus
753 4244 800 4306 χαὶ·
816 4244 873 4294 Pol.
892 4260 928 4293 ea·
949 4245 1009 4292 l'ut.
1027 4245 1055 4305 2)
1078 4245 1285 4309 hemicyclium:
1307 4248 1462 4296 introsasus
1484 4246 1548 4294 emi·

407 4328 496 4391 eselio
509 4347 532 4387 r,
550 4329 689 4380 muman
705 4327 864 4393 semim-clio
880 4345 910 4393 p.
925 4325 938 4392 3¹!
953 4343 1045 4378 seems
1062 4346 1104 4392 ep.
1125 4326 1139 4392 ΙΙ
1162 4331 1194 4378 19
1211 4330 1333 4394 pmedis
1350 4349 1372 4382 a.
1397 4327 1410 4394 ᾗ
1427 4332 1548 4379 itteram

406 4414 492 4465 llum:
515 4413 610 4464 horam
633 4431 673 4479 cp.
699 4411 713 4479 l!
734 4416 765 4463 21
785 4428 868 4462 unum
886 4412 908 4463 k
926 4415 951 4463 X
970 4432 995 4464 r.
1017 4412 1114 4462 nnn&
1136 4413 1203 4465 deci
1224 4433 1252 4480 p.
1274 4412 1288 4479 ss
1308 4417 1342 4465 23
1358 4412 1548 4477 semieyclium

407 4516 447 4564 cp.
470 4505 484 4566 q
505 4499 608 4550 minore
628 4515 667 4562 ψ.
691 4494 704 4562 ,J
726 4500 758 4547 :ll
777 4498 951 4562 praetotius
969 4515 990 4554 r,
1009 4497 1195 4561 grmitndine
1210 4517 1239 4563 p.
1261 4497 1274 4550 'l
1295 4502 1330 4548 25
1351 4499 1549 4549 rotunditatem

408 4583 479 4647 (-ti
493 4581 526 4649 pl
544 4600 585 4647 ψ,
607 4580 620 4646 ll
642 4581 772 4647 dignitali
790 4600 804 4632 e
823 4597 883 4645 ,nes
900 4582 940 4646 p).
960 4579 973 4646 fl
995 4583 1029 4631 ἐῢ
1045 4581 1195 4632 demostret
1212 4601 1235 4633 r.
1260 4581 1274 4649 ,j
1293 4586 1327 4633 27
1349 4584 1476 4633 servabit
1492 4585 1548 4634 ed:

408 4668 529 4718 seruerit
548 4669 661 4728 „seruari
676 4665 681 4730 ξ
696 4667 722 4731 μ’
743 4683 783 4730 rp.
