3984 5825
608 659 656 711 na
678 662 840 714 n1vsus1s
863 662 1025 713 rasnrsrs
1048 662 1387 713 anorumorouman.
1505 646 1566 714 307

425 811 526 898 nebit,
550 815 729 902 scripulum
744 818 816 880 auri
840 817 980 902 supersi
1003 819 1161 903 posueris,
1186 819 1220 881 in
1236 817 1361 904 liquere
1376 815 1567 892 descendet.

418 916 510 981 unde
531 915 703 1002 intelleges
726 941 790 982 non
819 919 971 1004 ponderis
994 917 1051 981 scd
1075 929 1208 982 naturae
1232 940 1302 983 esse
1325 918 1566 984 discretionem.

411 1007 533 1105 itaque
555 1018 584 1081 si
605 1018 735 1082 aurifex
757 1021 875 1105 pannis
902 1018 1074 1084 textilibus
1102 1020 1256 1084 adustum
1278 1019 1352 1084 rudi
1374 1043 1453 1086 vaso
1475 1019 1568 1084 fictili

408 1114 615 1184 solidiana
638 1119 805 1206 pulverem
828 1122 918 1206 prius
941 1120 1112 1204 lavaverit,
1137 1131 1250 1208 postea
1271 1122 1411 1186 mixtum
1431 1131 1567 1208 argento

367 1215 501 1284 ⁵viv0
529 1218 583 1284 vel
610 1221 646 1283 in
673 1243 780 1306 panno
810 1221 862 1285 vel
890 1223 925 1285 in
953 1220 1088 1287 linteolo
1117 1224 1309 1310 comprimes
1332 1233 1369 1288 ut
1390 1222 1497 1310 liquor
1518 1245 1567 1287 ar-

403 1323 513 1396 genti
536 1344 711 1408 expressus
741 1333 869 1388 emanet
892 1332 923 1387 et
945 1345 1060 1388 aurum
1083 1322 1224 1389 solidum
1246 1326 1442 1389 intrinsecus
1464 1346 1566 1389 rema·

403 1433 508 1487 neat.
554 1445 667 1487 verum
695 1423 844 1510 probatio
871 1425 966 1487 minii
989 1425 1037 1488 sie
1060 1425 1121 1489 erit
1145 1426 1360 1491 observanda.
1405 1427 1439 1489 in
1460 1424 1569 1490 lamna
1641 1490 1644 1497 ⁴

404 1514 529 1589 ferrea
551 1527 700 1590 mittatur
722 1535 754 1588 ct
777 1547 874 1610 super
896 1527 1006 1611 ignem
1029 1536 1168 1612 ponatur
1189 1527 1316 1592 tamdiu
1338 1526 1441 1592 donee
1461 1525 1569 1592 lamna

405 1627 585 1691 rubescat.
622 1637 701 1692 tune
722 1637 899 1691 retractum
921 1628 1125 1713 refrigescat.
1164 1630 1193 1693 si
1216 1629 1357 1695 colorem
1378 1652 1444 1694 non
1465 1640 1567 1694 muta-

363 1727 381 1775 0
407 1731 517 1812 verit,
542 1729 700 1815 optimum
723 1729 796 1812 erit,
820 1731 849 1792 si
870 1731 1056 1812 mutaverit,
1080 1730 1233 1794 vitiatum
1256 1734 1327 1795 erit.
1366 1730 1490 1796 colores
1512 1753 1568 1795 au-

406 1834 487 1893 tem
510 1852 621 1894 omncs
644 1827 742 1894 calcis
764 1831 923 1895 mixtione
946 1832 1110 1916 eorrumpi
1131 1831 1341 1896 manifestum
1369 1842 1428 1897 est.
1473 1833 1567 1919 chry-

409 1929 544 1996 socolla
565 1953 585 1994 a
606 1931 799 1996 Macedonia
820 1934 923 2015 venit,
947 1933 1071 1997 foditur
1085 1943 1194 1996 autem
1211 1955 1252 1996 ex
1267 1932 1406 1997 metallis
1422 1933 1567 1997 aerariis.

409 2034 603 2097 armenium
636 2042 668 2097 et
696 2033 840 2097 indicum
868 2033 910 2097 ab
941 2035 1023 2120 ipsis
1058 2034 1242 2099 ostenditur
1275 2033 1394 2120 quibus
1424 2035 1458 2097 in
1488 2033 1567 2099 locis

409 2136 578 2200 nascitur.
615 2137 788 2200 atramenti
809 2157 888 2199 vero
904 2137 1096 2222 compositio
1113 2138 1160 2200 sie
1176 2138 1238 2200 erit
1253 2134 1469 2217 observanda,
1486 2156 1568 2220 quae

363 2242 384 2291 5
411 2256 488 2301 non
516 2236 620 2300 solum
647 2236 690 2299 ad
717 2259 813 2301 usum
841 2238 988 2322 picturae
1015 2240 1199 2304 necessaria
1228 2237 1361 2302 videtur
1390 2237 1569 2301 sedetiam

413 2338 463 2402 ud
486 2337 669 2402 cotidianas
699 2340 888 2425 scripturas.
933 2339 1118 2405 lacusculus
1142 2363 1242 2405 curva
1265 2362 1392 2404 camera
1414 2349 1568 2404 struatur.

414 2439 498 2504 lruic
527 2438 694 2504 fornacula
722 2442 770 2504 sie
792 2442 996 2527 componitur
1022 2451 1060 2507 ut
1081 2464 1175 2507 nares
1203 2443 1237 2506 in
1260 2440 1423 2507 lacusculo
1452 2441 1570 2505 habeat

419 2563 486 2627 qua
514 2541 622 2605 fumus
652 2542 756 2628 possit
783 2543 915 2606 intrare.
960 2543 1075 2606 medae
1104 2545 1139 2606 in
1163 2542 1276 2606 eadem
1304 2544 1437 2606 fornace
1459 2544 1567 2606 ineen-

422 2643 552 2726 dantur,
576 2664 673 2728 super
695 2642 808 2707 taedas
831 2644 982 2709 ardentes
1005 2646 1113 2709 resina
1135 2646 1294 2725 mittatur,
1318 2652 1354 2707 ut
1375 2666 1502 2708 omnem
1518 2645 1567 2707 fu-

363 2753 396 2802 =0
422 2766 511 2808 mum
535 2752 567 2807 et
589 2743 760 2829 fuliginem
782 2767 840 2831 per
861 2769 955 2810 nares
978 2749 1013 2811 in
1030 2744 1228 2809 lacusculurn
1245 2747 1417 2831 exprimat.
1455 2755 1568 2831 postea

423 2844 595 2932 fuliginem
622 2844 796 2931 diligenter
819 2856 965 2913 conteres
990 2858 1023 2914 et
1044 2869 1161 2935 aquam
1183 2846 1225 2910 ad
1247 2845 1379 2910 modum
1401 2847 1512 2909 mittes
1536 2855 1568 2908 et

422 2957 640 3012 atramentum
655 2949 754 3012 facies
770 2948 922 3013 nitidum.
960 2951 1101 3038 pictores
1117 2960 1226 3014 autern
1240 2947 1403 3034 glutinum
1418 2946 1566 3028 miscent,

423 3060 459 3114 ut
485 3049 623 3114 nitidius
652 3071 725 3114 esse
753 3049 914 3116 videatur.
960 3052 1020 3118 sed
1046 3051 1088 3116 ad
1117 3050 1316 3116 celeritatem
1338 3049 1445 3136 operis
1469 3048 1567 3111 etiam

424 3152 593 3215 taedmum
615 3151 772 3215 carbones
796 3174 869 3215 cum
891 3150 1019 3238 glutino
1034 3155 1139 3218 attriti
1159 3151 1340 3239 parietibus
1355 3149 1568 3237 praestabunt

363 3258 408 3318 25
424 3254 597 3317 atramenti
620 3253 826 3335 suavitatem,
850 3275 910 3317 nce
931 3255 1039 3319 minus
1063 3263 1224 3319 sarmenta
1247 3263 1362 3316 exusta
1382 3262 1415 3315 et
1430 3250 1568 3315 contrita

424 3354 595 3418 atramenti
618 3352 758 3419 colorem
780 3355 1004 3419 imitabuntur.
1050 3355 1233 3420 sedimenta
1254 3376 1339 3418 uvae
1361 3354 1516 3438 nigrioris
1540 3352 1569 3416 si

425 3458 458 3520 in
481 3458 602 3543 optimo
625 3458 702 3520 vino
724 3479 830 3522 mersa
852 3458 1048 3543 arserint‘ct
1070 3467 1183 3544 postea
1206 3465 1323 3520 exusta
1343 3455 1482 3537 fuerint,
1510 3452 1568 3517 ad-

976 3624 1009 3686 0

493 3700 506 3746 1
529 3697 678 3763 inliquore:
709 3699 747 3747 sic
777 3714 809 3762 op
841 3693 1004 3763 (ut'raepe).
1031 3693 1044 3764 Η
1073 3697 1223 3749 descendet
1250 3697 1336 3749 Mam:
1370 3695 1512 3745 deseendit
1541 3711 1567 3757 p,

425 3778 561 3832 discendit
582 3800 605 3832 o.
628 3779 640 3848 ΙΙ
669 3785 685 3832 3
708 3780 834 3831 adustum
847 3778 1009 3846 -jpostea:
1041 3784 1079 3832 sic
1105 3800 1147 3847 ep.
1172 3778 1185 3848 11
1213 3783 1230 3829 4
1251 3780 1332 3830 solidi
1360 3780 1419 3828 auri
1444 3794 1502 3841 epo:
1527 3792 1569 3827 so·

425 3864 506 3914 lidari
523 3883 563 3930 vp.
588 3862 600 3931 {l
623 3865 763 3931 pulverem
780 3882 808 3915 v:
836 3865 959 3930 pulveris
976 3884 1003 3931 p.
1027 3861 1040 3933 ss
1067 3866 1205 3917 lavaberit
1222 3882 1249 3924 o,
1273 3863 1374 3915 laverit
1391 3880 1417 3927 p.
1442 3858 1454 3928 ΙΙ
1477 3860 1568 3910 olen-

425 3948 499 3999 tcolo
525 3967 548 3999 v.
577 3946 590 4015 ΙΙ
620 3952 782 4014 comprimes
809 3967 869 4016 epo:
898 3946 1022 4016 conpmis
1047 3967 1074 4014 υ,
1105 3949 1233 4015 coprimis
1255 3966 1282 4013 p.
1304 3943 1316 4012 ΙΙ
1345 3945 1511 4010 iprobutio
1536 3960 1567 4009 p:

426 4034 584 4099 reprobatio
602 4052 624 4084 v.
641 4032 653 4102 ΙΙ
669 4034 762 4085 lamna
774 4053 801 4100 p,
820 4034 953 4084 laminina
973 4033 1033 4099 (pro
1052 4032 1194 4097 lammina)
1207 4050 1229 4083 o.
1246 4028 1258 4099 ll
1278 4032 1294 4081 8
1313 4028 1410 4080 tandiu
1422 4036 1481 4079 ante
1499 4045 1568 4079 corr.

424 4136 447 4171 υ,
471 4116 483 4184 ΙΙ
506 4118 612 4168 lamina
630 4136 672 4184 op.
695 4116 707 4185 11
730 4121 746 4169 9
764 4120 897 4169 rubuscat
914 4137 937 4169 o.
960 4115 972 4185 Η
997 4122 1030 4170 10
1048 4118 1154 4169 colores
1175 4154 1222 4171 ...
1241 4117 1300 4166 ltine
1312 4130 1398 4165 nouum
1410 4130 1467 4178 cap.
1480 4116 1571 4163 statuit

424 4219 449 4265 p.
473 4198 486 4268 ΙΙ
510 4203 540 4251 11
560 4203 692 4253 erisieula
708 4221 750 4268 op.
774 4200 786 4268 ΙΙ
810 4207 841 4254 12
854 4203 957 4255 foditur
974 4206 1032 4254 ed:
1053 4202 1174 4253 fodiatur
1184 4217 1225 4265 vp.
1250 4196 1262 4266 ΙΙ
1285 4202 1317 4250 13
1336 4198 1485 4249 armenium
1498 4198 1568 4247 Mar·

426 4284 472 4349 (ere
494 4287 588 4351 Vitul:
608 4291 753 4353 argentum
770 4305 811 4352 up.
834 4284 847 4354 11
872 4290 904 4337 16
923 4302 1034 4338 camara
1051 4304 1078 4351 p.
1100 4284 1112 4352 ΙΙ
1134 4288 1165 4336 ll
1184 4282 1330 4335 furnsculs
1347 4300 1370 4333 e.
1393 4279 1405 4348 ΙΙ
1429 4283 1460 4331 18
1478 4281 1569 4340 inea-

426 4370 487 4421 dem
506 4370 564 4434 (sic)
584 4372 726 4423 fornacem
743 4390 770 4432 o,
794 4373 824 4422 in
842 4372 958 4423 eandem
977 4373 1119 4422 fornacem
1134 4387 1162 4434 p.
1187 4365 1198 4436 Η
1223 4371 1254 4419 19
1276 4368 1365 4417 risina
1382 4384 1424 4432 op.
1446 4363 1459 4431 ΙΙ
1481 4368 1514 4416 20
1533 4363 1570 4428 (et

425 4455 469 4520 21)
487 4455 631 4520 feliginem
648 4443 670 4507 u.
690 4454 702 4524 Η
726 4460 757 4507 21
777 4464 904 4508 conteres
922 4460 976 4508 ed:
999 4457 1067 4505 —ris
1084 4471 1126 4519 op.
1148 4452 1161 4520 [Ι
1183 4454 1215 4502 22
1233 4451 1351 4517 pictores
1370 4453 1423 4501 ed:
1447 4452 1570 4515 pictures

425 4555 465 4604 op.
489 4536 502 4606 ΙΙ
528 4542 560 4591 23
578 4545 608 4590 ut
626 4545 682 4595 ed:
701 4542 724 4593 du
741 4558 782 4606 op.
805 4538 818 4607 l]
840 4543 873 4591 24
891 4541 1034 4591 thederum
1052 4556 1094 4603 op.
1117 4534 1129 4603 ΙΙ
1152 4536 1361 4586 testamentis
1378 4552 1419 4599 op.
1443 4531 1456 4601 ΙΙ
1477 4534 1510 4583 26
1529 4547 1569 4582 se-

425 4625 548 4675 dimento
566 4642 612 4691 ego
631 4625 741 4689 (=faex
764 4626 856 4689 Vitr.):
880 4625 929 4676 sed
952 4626 1093 4673 sarmenta
1115 4639 1155 4688 vp.
1179 4617 1192 4688 ΙΙ
1214 4621 1350 4686 nigriores
1370 4636 1411 4684 op.
1435 4615 1501 4685 1127
1525 4632 1570 4667 ar·

425 4710 513 4760 serint
530 4711 586 4760 Pol.
607 4710 653 4775 (cx
674 4712 733 4760 Vnt.
754 4711 795 4775 2):
816 4710 944 4759 arderent
960 4725 1003 4773 op.

1299 4781 1367 4851 20*
