3984 5825
519 641 576 703 102
1002 646 1160 691 vrrnuvu

516 805 653 871 Virtutis
670 801 836 864 Marianae
853 797 952 860 cellae
968 796 1252 883 columnarumque
1268 807 1300 861 et
1322 797 1548 884 epistyliorum
1571 821 1661 886 sym·

515 906 644 969 metrias
661 901 816 985 legitimis
832 901 912 962 artis
935 899 1094 961 institutis
1118 897 1265 985 perfecit.
1310 897 1345 961 id
1368 920 1445 964 vero
1468 902 1497 962 si
1518 911 1661 963 marmo-

515 1028 603 1069 reum
619 1005 752 1085 suisset,
775 1010 811 1065 ut
833 1000 968 1064 haberet
990 998 1263 1086 quemadmodum
1285 999 1326 1065 ab
1350 1010 1420 1064 arte
1443 1001 1661 1065 subtilitatem

513 1108 560 1170 sic
587 1105 629 1168 ab
659 1101 901 1188 magnificentia
928 1111 959 1164 et
986 1102 1131 1187 inpensis
1160 1102 1403 1184 auctoritatem,
1432 1104 1466 1166 in
1489 1104 1603 1189 primis
1628 1113 1661 1166 et

480 1209 647 1274 tsmnrnis
671 1204 824 1291 operibus
847 1205 1079 1267 nominaretur.

601 1311 684 1373 Cum
712 1329 789 1390 crgo
830 1314 861 1368 et
899 1305 1025 1391 antiqui
1064 1306 1167 1369 nostri
1200 1304 1409 1368 inveniantur
1445 1329 1511 1370 non
1549 1307 1711 1370 minuare

514 1433 609 1498 qnam
627 1394 746 1474 Graeci
762 1407 864 1471 fuisse
885 1406 996 1490 magni
1018 1405 1189 1469 architecti
1212 1414 1243 1469 et
1265 1415 1376 1470 nostra
1398 1409 1555 1471 memoria
1578 1408 1659 1472 satis

514 1510 625 1593 multi,
649 1520 681 1574 ct
704 1532 745 1572 ex
769 1509 819 1571 tis
841 1509 938 1594 pauci
960 1516 1134 1594 praecepta
1178 1504 1367 1588 edidissent,
1390 1528 1457 1571 non
1478 1509 1592 1594 putavi
1617 1510 1660 1572 si-

514 1611 645 1677 lendum
669 1611 727 1674 sed
750 1610 908 1698 disposite
930 1607 1068 1694 singulis
1092 1606 1311 1672 voluminibus
1334 1608 1375 1671 de
1398 1597 1541 1694 singulis*
1560 1630 1661 1694 expo·

466 1730 495 1775 to
514 1713 667 1779 nondum.
711 1715 823 1799 itaque
845 1712 996 1798 quoniam
1020 1720 1113 1775 sexto
1135 1708 1298 1773 volumine
1321 1711 1529 1797 privatorum
1545 1710 1661 1773 aedifi-

514 1819 636 1881 ciorum
665 1816 807 1879 rationes
834 1814 1027 1900 perscripsi,
1059 1814 1094 1875 in
1120 1811 1181 1875 hoc
1208 1813 1264 1897 qui
1292 1813 1465 1897 septimum
1487 1820 1578 1875 tenet
1600 1834 1661 1877 nu-

514 1942 637 1984 merum
660 1918 701 1982 de
723 1914 979 2003 expolitionibus
1002 1912 1119 2001 quibus
1141 1911 1321 1977 rationibus
1345 1923 1377 1976 et
1398 1922 1604 1978 venustatem
1630 1922 1663 1976 et

515 2023 702 2086 firmitatem
725 2018 846 2083 habere
868 2018 994 2104 possint
1017 2037 1186 2101 exponam.

487 2136 497 2184 1
604 2124 811 2207 Primumque
827 2120 980 2206 incipiam
994 2115 1037 2179 de
1050 2115 1265 2200 ruderatione,
1289 2137 1371 2202 quae
1386 2116 1549 2203 principia·
1569 2124 1664 2180 tenet
1682 2132 1695 2177 1

466 2239 496 2285 tn
515 2223 768 2312 expolitiomun,
796 2224 846 2284 uti
873 2221 1032 2284 curiosius
1054 2239 1242 2304 summaque
1263 2218 1469 2306 providentia
1491 2216 1662 2282 solidatio-

516 2330 566 2391 nis
583 2325 665 2387 ratio
681 2323 850 2385 habeatur.
895 2332 926 2384 ct
943 2323 970 2385 si
986 2318 1082 2407 plano
1097 2318 1181 2406 pede
1202 2321 1264 2383 erit
1288 2319 1536 2401 eruderandum,
1559 2342 1661 2405 quae-

514 2437 603 2489 ratur
631 2421 734 2485 solum
763 2423 790 2484 si
812 2423 855 2485 sit
888 2431 1044 2508 perpetuo
1076 2418 1232 2503 solidum,
1261 2423 1360 2487 etita
1382 2429 1597 2507 exaequetur,
1628 2431 1662 2486 et

515 2526 686 2589 inducatur
717 2545 790 2584 eum
819 2525 994 2587 statumine
1021 2523 1131 2587 rudus.
1185 2523 1234 2586 sin
1262 2532 1371 2587 autem
1397 2523 1501 2587 omnis
1528 2531 1586 2587 aut
1617 2545 1662 2586 ex

513 2634 606 2712 parte
634 2624 850 2706 congesticius
879 2622 969 2687 locus
999 2626 1113 2706 fuerit,
1142 2623 1409 2689 festucationibus
1438 2646 1510 2686 cum
1537 2647 1660 2710 magna

462 2743 496 2788 ao
514 2747 591 2788 eura
622 2722 789 2786 solidetur.
834 2726 868 2786 in
891 2727 1190 2810 contignationibus
1218 2747 1295 2790 vero
1317 2724 1492 2810 diligenter
1513 2735 1564 2789 est
1585 2728 1659 2790 ani-

513 2822 785 2888 madvertendum
807 2827 919 2910 nequi
941 2827 1047 2911 paries
1071 2828 1127 2915 qui
1148 2850 1212 2890 non
1234 2836 1329 2891 exeat
1350 2827 1393 2890 ad
1416 2849 1587 2909 summum,
1615 2830 1661 2891 sit

513 2935 681 2988 extructus
711 2924 771 2987 sub
805 2927 1045 3009 pavimentum,
1076 2930 1134 2993 sed
1161 2931 1270 3015 potius
1297 2927 1462 2994 relaxatus
1493 2950 1592 3015 snpra
1624 2950 1660 2993 se

513 3026 709 3112 pendentem
748 3023 866 3088 habeat
899 3030 1136 3093 coaxationem.
1194 3053 1268 3094 curn
1288 3032 1386 3093 ‘enim
1418 3028 1541 3097 solidus
1575 3032 1660 3114 exit,

512 3124 810 3209 contignationibus
825 3128 1047 3193 arescentibus
1070 3142 1126 3195 aut
1148 3132 1344 3220 pandatione
1365 3130 1561 3214 sidentibuS,
1584 3154 1660 3218 per-

461 3242 494 3288 25
511 3248 645 3288 manens
668 3234 849 3289 structurae
875 3225 1041 3294 soliditate
1069 3231 1187 3297 dextra
1207 3256 1246 3298 ao
1267 3235 1399 3298 sinistra
1420 3233 1601 3297 seeundum
1625 3256 1662 3298 se

512 3326 593 3389 facit
621 3328 653 3388 in
677 3326 875 3412 pavimentis
896 3333 1080 3396 necessario
1103 3334 1212 3398 rimas.
1256 3338 1335 3400 item
1356 3334 1464 3400 danda
1485 3314 1536 3400 est
1557 3356 1661 3422 opera
1679 3350 1696 3397 2

580 3661 756 3715 lMarianae
773 3668 814 3718 ed.
840 3667 885 3733 (cf.
902 3669 1006 3720 Becker
1022 3673 1093 3723 Ildra.
1112 3676 1167 3727 Art.
1186 3676 1214 3733 I,
1238 3676 1313 3742 406):
1336 3675 1499 3727 mariniiane
1518 3678 1553 3737 G,
1570 3678 1659 3730 mari·

511 3744 613 3797 nianae
633 3750 661 3798 H
679 3746 758 3817 (-nq
776 3753 808 3809 L,
827 3752 978 3821 malinianq
996 3758 1040 3815 et,
1064 3758 1183 3825 multene
1201 3768 1261 3811 ante
1279 3778 1346 3812 corr.
1365 3766 1386 3819 1,
1404 3760 1552 3827 maliniene
1575 3762 1621 3827 lc),
1643 3761 1655 3829 ll

511 3835 527 3883 2
545 3832 687 3898 legitimas
705 3843 765 3885 ante
782 3852 850 3887 corr.
868 3838 904 3888 H.
921 3834 932 3902 ΙΙ
950 3840 964 3887 7
982 3845 1078 3890 nostra
1096 3846 1228 3894 memoria
1241 3846 1271 3894 H
1282 3843 1365 3911 (Ltc):
1383 3844 1433 3911 nie
1450 3846 1581 3911 memorie
1593 3848 1625 3897 G.
1643 3845 1657 3912 ΙΙ

510 3919 526 3965 8
545 3918 679 3968 silendum
694 3921 770 3969 60H0
783 3918 866 3985 (Ηώς
885 3920 1028 3985 srdrlendu
1047 3933 1106 3976 ante
1123 3944 1177 3981 ras.
1193 3929 1221 3985 G,
1240 3928 1384 3979 sitiendum
1401 3936 1460 3980 ante
1477 3944 1532 3979 ras.
1550 3930 1589 3981 Η.
1607 3926 1620 3995 ΙΙ
1641 3934 1657 3980 9

510 4005 697 4067 exponendum
709 4005 784 4056 doe:
804 4020 1003 4069 exponeremus
1022 4009 1081 4058 GH.
1097 4006 1111 4077 fl
1132 4013 1163 4062 10
1180 4016 1258 4061 sexto
1278 4013 1388 4063 Gsshcec:
1410 4018 1486 4077 recto
1504 4020 1565 4063 ante
1583 4029 1656 4065 corr.

512 4086 541 4142 G,
561 4093 636 4137 secto
660 4094 720 4137 uate
741 4105 810 4139 corr.
833 4090 862 4138 H
884 4086 906 4153 (1
927 4099 953 4140 et
973 4100 1034 4142 unte
1056 4110 1124 4144 corr.
1142 4094 1201 4158 Le).
1223 4092 1236 4161 ΙΙ
1259 4098 1288 4145 11
1312 4112 1466 4147 nnmerum:
1495 4098 1576 4147 muru
1595 4107 1658 4148 unte

510 4186 578 4220 corr.
600 4172 630 4220 G.
654 4169 666 4237 ΙΙ
690 4174 721 4221 12
741 4172 974 4237 expoliationibus
996 4184 1056 4228 unte
1078 4195 1147 4229 corr.
1168 4180 1196 4229 6.
1221 4177 1233 4245 ΙΙ
1255 4185 1431 4232 venustatem
1447 4182 1477 4230 Η
1500 4180 1585 4245 (Lle):
1609 4198 1658 4233 ve·

511 4258 614 4304 tustate
631 4264 691 4305 unte
708 4272 778 4306 corr.
798 4253 858 4321 ⁶·'ll
879 4260 910 4309 15
928 4258 1092 4325 expolirem]
1111 4269 1170 4312 ante
1188 4279 1258 4314 corr.
1273 4265 1302 4317 G.
1326 4262 1338 4331 [l
1361 4265 1394 4314 16
1412 4262 1581 4331 quaelratur
1599 4282 1657 4316 non

511 4336 597 4386 solum
615 4348 674 4388 ante
691 4357 744 4390 ras.
764 4342 801 4393 H.
816 4338 829 4407 ΙΙ
846 4344 877 4392 18
895 4347 996 4393 statum
1009 4345 1139 4395 inerudus
1153 4347 1203 4397 GH
1220 4348 1262 4411 (L,
1276 4348 1424 4399 statumine
1442 4343 1519 4400 rudis
1532 4353 1549 4409 1,
1566 4356 1658 4401 statu-

509 4420 583 4468 mine
601 4422 707 4473 ruderis
724 4432 784 4475 ante
802 4442 870 4476 corr.
888 4443 910 4484 c,
929 4428 1034 4478 tudinis
1046 4429 1109 4495 eet).
1131 4427 1145 4496 ss
1169 4434 1404 4497 lecongestieius
1424 4434 1457 4483 G:
1477 4435 1657 4485 coniectitius

511 4503 541 4549 H
558 4503 740 4565 (comestitins
761 4509 793 4568 h,
813 4512 990 4562 coniectitius
1008 4516 1032 4562 lc
1045 4511 1099 4579 [o]).
1120 4510 1132 4581 ΙΙ
1154 4514 1375 4567 fistucationibus
1394 4517 1454 4568 GH.
1475 4513 1489 4583 ΙΙ
1510 4519 1542 4568 21
1566 4522 1658 4584 nequi

510 4588 601 4646 paries
620 4592 678 4652 qni:
696 4595 734 4640 stc
753 4593 812 4642 GH.
833 4591 845 4658 ss
868 4594 901 4642 24
918 4596 1072 4647 sidentibus
1089 4599 1160 4653 dou:
1183 4600 1342 4651 sedentibus
1366 4601 1425 4651 GH.
1448 4597 1461 4668 ΙΙ
1483 4618 1656 4668 permanens

508 4672 663 4720 structurae
681 4675 836 4725 soliditate:
854 4680 892 4726 sic
911 4679 969 4732 GH.
