3984 5825
442 673 502 739 tet
929 689 1085 734 rrrmru

520 839 803 921 Quemadmodum
836 840 906 902 sine
940 841 1032 903 vitiis
1065 863 1162 927 opera
1191 840 1348 903 constitui
1375 849 1524 924 oporteat
1552 849 1615 902 ets

439 945 485 1007 uti
512 952 668 1005 <arentur
695 941 927 1027 incipientibus
957 945 1108 1029 exposui.
1157 963 1299 1026 namque
1321 940 1363 1003 de
1383 939 1505 1024 tegnlis
1527 952 1584 1005 aut

437 1044 539 1129 tignis
553 1053 610 1107 aut
631 1043 797 1108 asseribus
819 1042 984 1107 mutandis
1006 1067 1073 1108 nen
1102 1062 1153 1107 est
1181 1042 1297 1106 eedem
1324 1064 1402 1106 curs
1428 1042 1582 1128 quemad-

436 1144 568 1209 modum
595 1144 637 1208 de
659 1144 726 1226 his,
756 1143 844 1231 quod
865 1166 904 1207 es
925 1148 1076 1230 quamvis
1097 1149 1165 1210 sint
1186 1147 1322 1226 vitiosa,
1349 1143 1493 1208 faciliter
1512 1167 1583 1207 mn-

403 1257 556 1313 atautur.
602 1248 647 1311 ite
674 1267 757 1334 quae
784 1267 845 1311 nec
872 1245 977 1311 selide
1003 1246 1137 1333 quidem
1157 1259 1313 1334 putentur
1334 1269 1429 1327 esse,
1463 1246 1583 1332 quibus

435 1346 617 1417 rationibus
639 1347 719 1413 haec
741 1358 892 1436 poterunt
919 1370 991 1412 esse
1012 1349 1106 1413 firma
1127 1360 1161 1413 et
1186 1347 1461 1436 quemadmodum
1487 1349 1582 1411 insti-

436 1461 569 1515 tuantur
583 1451 731 1538 exposui.
776 1451 894 1536 quibus
916 1460 1026 1514 autem
1046 1453 1214 1538 copiarum
1235 1450 1412 1535 generibus
1432 1459 1614 1536 operteete

437 1553 501 1635 uti,
533 1574 597 1617 non
624 1561 675 1617 est
696 1551 868 1617 architecti
890 1562 1049 1638 potestas,
1078 1552 1153 1617 ideo
1173 1553 1263 1640 quod
1283 1574 1350 1616 non
1370 1555 1407 1616 in
1428 1552 1582 1616 omnibus

436 1652 516 1719 locis
543 1654 654 1719 omnia
680 1675 801 1737 genera
826 1655 993 1740 copiarum
1021 1667 1214 1736 nascunmr,
1240 1665 1279 1718 ut
1303 1656 1340 1716 in
1361 1656 1468 1740 primo
1489 1653 1581 1718 volu-

387 1774 417 1823 ιο
436 1756 523 1821 minc
537 1764 587 1821 est
601 1756 795 1843 expositum.
839 1765 1007 1844 praeterea
1021 1757 1057 1819 in
1070 1758 1196 1820 domini
1216 1766 1267 1820 est
1288 1765 1451 1843 potestate
1472 1765 1582 1820 utrum

436 1856 582 1925 latericio
614 1879 657 1922 an
683 1858 894 1923 caementicio
919 1880 962 1921 an
989 1880 1070 1922 saxo
1097 1857 1256 1944 quadrato
1283 1855 1364 1920 velit
1395 1856 1582 1920 aedificare.

437 1960 547 2049 itaque
569 1960 713 2025 omnium
742 1981 878 2046 operum
906 1959 1113 2047 probationes
1136 1961 1299 2046 tripertito
1320 1958 1582 2039 considerantur,

436 2060 470 2127 id
510 2070 560 2126 cst
594 2060 705 2127 febrili
735 2061 918 2127 subtilitate
950 2071 983 2125 et
1014 2062 1258 2146 magnificentia
1289 2071 1323 2125 et
1354 2060 1582 2147 dispositione.

437 2185 511 2229 curu
540 2163 785 2247 magnificenter
806 2185 887 2250 opus
909 2162 1090 2251 perfectum
1111 2165 1306 2250 aspicietur,
1333 2185 1355 2226 a
1375 2162 1502 2226 domini
1524 2185 1582 2248 po·

387 2282 417 2331 rt
436 2274 553 2331 testato
587 2267 741 2355 inpensae
776 2264 1011 2347 laudabuntur,
1046 2286 1120 2329 cum
1151 2263 1331 2346 subtiliter,
1365 2264 1581 2329 officinatoris

437 2366 629 2457 probabitur
644 2368 783 2451 exactio,
806 2389 880 2433 cum
895 2388 974 2432 vero
997 2377 1134 2432 venuste
1155 2365 1419 2455 proportionibus
1440 2376 1475 2430 et
1488 2389 1579 2452 sym-

437 2470 561 2537 metriis
586 2468 735 2535 habuerit
757 2471 1001 2553 auctoritatem,
1035 2478 1114 2534 tunc
1134 2469 1235 2534 fuerit
1260 2468 1366 2553 gloria
1391 2467 1579 2530 architecti.

436 2570 516 2637 lruec
530 2581 639 2637 nutem
654 2581 740 2637 recte
756 2574 1007 2652 constituuntur,
1030 2572 1147 2636 cumis
1164 2580 1196 2636 et
1210 2594 1230 2634 a
1251 2569 1355 2634 fabris
1376 2579 1409 2633 et
1428 2568 1474 2632 ab
1493 2567 1580 2632 idio·
1600 2581 1633 2629 ιο

436 2674 478 2739 tis
513 2676 656 2761 potiatur
686 2674 833 2763 accipere
860 2696 895 2740 se
923 2672 1069 2739 consilia.
1113 2693 1252 2759 namque
1279 2693 1392 2736 omues
1418 2670 1580 2751 homines,

383 2792 416 2840 eo
435 2797 500 2840 non
523 2774 626 2840 solum
649 2775 836 2860 architecti,
860 2774 946 2863 quod
969 2785 1018 2857 est
1040 2777 1162 2840 bonum
1183 2783 1320 2862 possunt
1341 2772 1495 2860 probare,
1519 2772 1582 2836 sed

435 2877 521 2942 inter
536 2875 655 2944 idiotas
672 2887 704 2942 ct
720 2900 774 2944 cos
789 2877 851 2944 boc
866 2886 915 2944 est
937 2877 1114 2943 discrimen
1135 2877 1222 2965 quod
1242 2876 1348 2942 idiota
1367 2874 1433 2939 uisi
1452 2874 1581 2940 tactum

435 2978 573 3063 viderit,
597 3003 662 3045 non
677 2990 784 3069 potest
798 2981 883 3045 scire
905 2980 985 3066 quid
1007 2982 1050 3046 sit
1072 2980 1228 3062 futurum,
1249 2977 1445 3042 architectus
1466 2986 1581 3041 autem

435 3079 531 3143 simul
553 3082 660 3147 animo
683 3083 898 3164 constituerit,
920 3091 1095 3169 antequem
1116 3081 1274 3168 inceperit
1296 3088 1329 3144 et
1349 3087 1526 3144 venustate
1548 3089 1581 3143 et

434 3203 497 3243 usu
519 3191 551 3245 et
574 3181 691 3246 decore
714 3182 809 3268 quale
832 3185 874 3249 sit
896 3185 1043 3249 futurum
1065 3183 1164 3248 habet
1187 3182 1366 3248 definitum.

384 3293 416 3340 25
520 3280 612 3359 Quas
639 3303 690 3345 res
718 3285 856 3370 privatis
878 3285 1039 3350 aedificiis
1061 3286 1157 3352 utiles
1179 3285 1294 3372 putavi
1315 3292 1348 3349 et
1369 3282 1579 3369 quemadmo-

435 3377 511 3479 durn
540 3381 606 3444 sint
635 3380 808 3448 faciundae
834 3408 931 3472 quam
961 3388 1167 3473 apertissime
1192 3388 1284 3474 potui
1304 3385 1491 3473 perscripsi.
1536 3386 1580 3449 de

432 3669 435 3674 .
504 3635 516 3679 1
537 3647 617 3695 quem
645 3634 789 3684 admodum
815 3637 875 3688 eine
897 3640 974 3689 vitiis
996 3645 1125 3705 oporteat
1146 3650 1205 3693 ante
1231 3658 1300 3693 corr.
1329 3641 1351 3691 G
1372 3638 1462 3705 (rerba
1482 3645 1580 3694 omissa

434 3730 518 3780 opera
536 3718 669 3767 constitui
685 3726 744 3768 ante
762 3724 888 3785 oporteat
904 3725 1042 3774 inserenda
1059 3742 1140 3790 supra
1158 3729 1244 3779 adscr-
1259 3725 1440 3788 G0=HLlc).
1458 3722 1475 3791 l]
1496 3726 1579 3777 taut

420 3800 516 3866 'tingis
530 3802 535 3864 Ι
549 3809 608 3852 aute
626 3817 693 3851 corr.
713 3804 743 3854 G.
766 3800 778 3871 ΙΙ
801 3807 985 3858 enatandis:
1008 3812 1046 3859 ric
1065 3812 1123 3865 GH.
1147 3809 1159 3879 ΙΙ
1183 3815 1227 3862 est
1250 3810 1359 3861 eedem:
1380 3811 1418 3860 aie
1441 3810 1500 3860 GH.
1525 3807 1539 3875 ΙΙ
1561 3813 1579 3860 4

433 3886 561 3938 cistert:
580 3891 644 3938 sunt
662 3886 719 3940 GH.
742 3884 755 3954 ΙΙ
778 3890 853 3938 bita
871 3903 942 3953 quse
962 3894 1043 3960 Plut:
1066 3896 1161 3960 itaque
1181 3896 1240 3948 GH.
1262 3892 1275 3961 Π
1297 3893 1387 3946 solida
1404 3894 1474 3949 Joc:
1493 3894 1579 3944 solidi

434 3971 494 4021 GH.
517 3967 530 4039 ΙΙ
552 3972 567 4021 6
585 3976 715 4037 poterunt
732 3974 785 4025 ed:
804 3975 926 4040 poterint
945 3977 1003 4028 GH.
1021 3977 1033 4046 ss
1050 3981 1149 4031 9lacis
1162 3988 1222 4031 aute
1238 3995 1306 4032 corr.
1327 3976 1384 4047 (3.ss
1399 3986 1429 4029 ut
1447 3979 1477 4028 H
1488 3976 1577 4044 (Llc):

432 4056 473 4106 uti
493 4056 522 4108 G.
545 4053 557 4124 1}
579 4058 666 4123 primo
685 4058 769 4111 Man:
793 4061 916 4124 proximo
937 4063 994 4115 GH.
1019 4062 1031 4131 ss
1059 4067 1089 4114 12
1108 4063 1226 4132 triper(p
1240 4066 1337 4130 G)tito:
1360 4066 1397 4115 sic
1416 4063 1476 4115 GH.
1503 4059 1517 4129 ΙΙ
1543 4064 1576 4113 13

433 4144 462 4189 et
479 4141 699 4207 magnificentia:
717 4143 756 4194 sic
769 4144 827 4195 GH.
845 4140 859 4212 ss
874 4148 906 4195 14
924 4148 1133 4212 magnificentur
1150 4152 1180 4199 H
1197 4148 1258 4215 (ch).
1273 4146 1285 4217 Ι]
1303 4148 1438 4207 adomini
1449 4148 1575 4198 Meister:

433 4225 543 4275 abomni
562 4223 700 4292 (ablomni
717 4228 756 4291 H)
776 4229 834 4278 GH.
858 4226 870 4296 ΙΙ
894 4232 926 4280 16
943 4238 1072 4286 venuste:
1094 4237 1132 4285 sic
1150 4232 1225 4300 (—te
1246 4235 1274 4292 G.
1293 4238 1372 4285 -tae
1390 4232 1428 4297 H)
1449 4233 1500 4284 GH
1520 4232 1575 4298 (LI,

432 4309 574 4360 sensustae
587 4319 647 4361 aute
658 4328 712 4363 ras.
725 4328 746 4372 c,
760 4313 888 4364 fenustae
898 4314 961 4379 cor).
977 4314 989 4381 ss
1005 4320 1256 4382 proporticionibus
1276 4321 1306 4373 G.
1322 4315 1334 4385 Η
1357 4320 1387 4368 17
1406 4317 1496 4384 gloria
1515 4319 1576 4367 aria

432 4394 579 4445 architecti
598 4396 650 4445 GH
661 4396 729 4460 (th,
747 4399 848 4449 -testi
864 4398 900 4463 c).
927 4404 994 4449 solue
1014 4402 1048 4451 60
1065 4403 1158 4453 delerit
1175 4405 1235 4453 iiii
1259 4402 1316 4467 (red
1332 4410 1357 4453 et
1373 4405 1401 4453 iu
1417 4403 1446 4451 H
1463 4418 1576 4452 rasurae

431 4480 547 4541 uestipia,
566 4486 631 4531 terte
648 4480 780 4545 Millero).
805 4478 817 4548 ΙΙ
845 4484 877 4533 18
904 4485 1079 4534 eonstiuntur
1100 4493 1160 4538 ante
1180 4488 1230 4551 ips.
1251 4502 1321 4537 corr.
1346 4488 1376 4537 G.
1403 4482 1416 4553 {l
1443 4486 1487 4536 his
1515 4493 1576 4535 ante

389 4607 393 4614 ,
431 4575 498 4610 corr.
514 4563 543 4612 G.
559 4560 572 4629 ΙΙ
589 4566 621 4614 19
633 4580 663 4614 se
674 4565 804 4616 consilia:
818 4568 967 4619 reconcilia
978 4576 1037 4619 unte
1047 4585 1116 4622 corr.
1128 4572 1156 4621 G.
1169 4568 1181 4637 Ι]
1196 4573 1228 4621 22
1241 4571 1278 4621 sit
1288 4572 1421 4622 futurum:
1433 4573 1471 4621 sic
1482 4570 1544 4621 GH.
1561 4570 1574 4636 Η

432 4644 568 4709 archiltus
589 4647 618 4697 G.
641 4646 653 4712 ΙΙ
676 4652 709 4700 23
726 4651 862 4715 inceperit
878 4653 910 4701 H
927 4652 973 4716 (lc,
990 4654 1122 4717 inciperit
1142 4655 1192 4719 L):
1220 4656 1375 4720 incoeperit
1393 4656 1422 4706 G.
1443 4650 1456 4720 ll
1479 4654 1513 4704 26
1534 4656 1576 4706 ia-

431 4726 562 4783 ciundae:
580 4732 618 4781 sic
637 4732 695 4783 GH.
719 4730 732 4800 ΙΙ
754 4732 1034 4801 perselnsprde'aruc
1052 4754 1120 4789 corr.
1140 4736 1314 4804 (persctnpsr
1327 4777 1333 4789 .
1347 4738 1392 4803 de)
1413 4739 1442 4789 G.
