3984 5825
512 673 572 735 194
999 684 1156 730 viruuvn

508 863 579 905 rum
602 840 811 903 curationem.
856 838 1050 902 bituminosi
1077 845 1185 900 autem
1214 836 1376 899 interioris
1405 835 1556 922 corporis
1582 832 1672 897 vitia

508 940 696 1028 potionibus
718 939 888 1027 purgando
912 938 1017 1003 solent
1040 938 1172 1002 mederi.
1223 946 1273 1000 est
1300 945 1408 1000 autem
1430 959 1539 1023 aquae
1568 934 1703 1019 frigi-5

508 1042 569 1106 dae
596 1065 698 1127 genus
726 1043 901 1122 nitrosum,
931 1041 980 1104 uti
1008 1041 1133 1104 Pinnae
1155 1039 1322 1121 Vestinae,
1347 1038 1495 1123 Cutiliis,
1520 1036 1669 1123 aliisque

509 1144 588 1209 locis
605 1142 784 1225 similibuS,
809 1164 892 1228 quae
907 1141 1096 1229 potionibus
1114 1140 1273 1228 depurgat
1288 1162 1346 1227 per
1360 1139 1539 1227 alvumque
1554 1149 1666 1203 trans-

476 1244 618 1310 oeundo
642 1247 739 1310 etiam
768 1253 965 1308 strumarum
993 1244 1112 1307 minuit
1140 1253 1293 1307 tumores.
1343 1243 1400 1306 ubi
1434 1263 1515 1305 vero
1544 1262 1664 1304 auium

510 1356 681 1432 argentum
709 1347 829 1410 ferrum
851 1368 905 1409 aes
934 1345 1103 1433 phunbum
1125 1343 1334 1431 reliquaeque
1356 1367 1407 1408 res
1430 1349 1545 1408 earum
1569 1343 1664 1407 sirni-

509 1448 556 1513 les
572 1448 757 1530 fodiuntur,
780 1448 886 1512 fontes
902 1448 1117 1511 inveniuntur
1132 1447 1272 1532 copiosi,
1296 1446 1355 1510 sed
1371 1445 1406 1508 hi
1420 1446 1569 1509 maxime
1586 1452 1665 1508 sunt

509 1552 632 1615 vitiosi.
666 1550 788 1620 habent
810 1551 907 1632 enim,
930 1551 979 1614 uti
1001 1571 1105 1636 aquae
1127 1548 1252 1612 calidae
1267 1545 1402 1634 sulphur
1416 1546 1550 1611 alumen
1573 1544 1663 1609 bitu·

509 1675 594 1716 men.
645 1675 682 1716 ea
704 1651 745 1714 de
767 1675 850 1738 aqua
879 1673 936 1738 per
965 1651 1112 1739 potiones
1142 1672 1216 1714 cum
1244 1650 1279 1712 in
1301 1671 1415 1736 corpus
1446 1649 1523 1713 iniit
1546 1657 1581 1711 et
1605 1668 1664 1733 per

463 1769 492 1816 10
510 1777 611 1818 venas
626 1752 847 1840 permanando
863 1775 980 1817 nervos
996 1754 1131 1837 attingit
1147 1762 1179 1818 et
1193 1761 1302 1835 artus,
1319 1772 1372 1814 eos
1389 1749 1485 1815 durat
1500 1748 1662 1813 inflando.

510 1858 613 1941 igitur
633 1856 728 1921 nervi
757 1855 923 1920 inflatione
952 1864 1120 1940 turgentes
1144 1877 1161 1917 e
1189 1852 1395 1938 longitudine
1422 1851 1664 1916 contrahuntur

512 1968 543 2022 et
570 1959 618 2022 ita
643 1967 700 2022 aut
726 1959 875 2023 nervicos
904 1967 961 2022 aut
987 1957 1182 2044 podagricos
1211 1955 1357 2019 efficiunt
1383 1954 1549 2036 homines,
1586 1953 1662 2016 ideo
1761 1990 1765 1998 ·

511 2059 597 2146 quod
620 2081 662 2122 ex
684 2057 866 2122 durissimis
889 2068 921 2122 et
944 2058 1153 2145 spissioribus
1176 2056 1466 2142 frigidissimisque
1486 2055 1589 2120 rebus
1613 2055 1662 2117 in·

510 2163 629 2225 tinctas
656 2160 779 2224 habent
801 2182 959 2223 venarum
985 2160 1147 2224 raritates.
1191 2180 1294 2245 aquae
1315 2167 1424 2222 autem
1446 2159 1574 2245 species
1600 2165 1696 2238 est,6

463 2277 493 2325 15
512 2284 593 2348 quae
616 2284 689 2325 cum
712 2261 831 2325 habeat
852 2285 918 2326 non
940 2263 1021 2325 satis
1043 2261 1240 2349 perlucidas,
1264 2282 1307 2324 ex
1328 2261 1401 2347 ipsa
1415 2260 1464 2323 uti
1484 2260 1545 2323 flos
1568 2266 1663 2321 natat

512 2366 547 2426 in
569 2385 708 2444 summo,
733 2362 839 2427 colore
862 2361 977 2427 similis
1001 2363 1080 2426 vitri
1103 2365 1269 2450 purpurei.
1313 2362 1393 2426 haec
1415 2362 1560 2424 maxime
1585 2382 1662 2424 con-

513 2466 674 2528 sideratur
695 2463 845 2527 Athenis.
895 2463 944 2528 ibi
973 2466 1059 2527 enim
1087 2488 1129 2528 ex
1157 2463 1316 2528 eiusmodi
1343 2464 1422 2528 locis
1451 2473 1484 2527 et
1511 2461 1662 2528 fontibus

512 2568 547 2630 in
561 2575 635 2652 asty
651 2574 682 2628 et
704 2566 746 2628 ad
768 2575 897 2652 portum
919 2566 1089 2630 Piraeeum
1105 2566 1195 2631 ducti
1215 2575 1290 2630 sunt
1312 2565 1480 2647 salientes,
1504 2563 1663 2652 equibus

512 2667 599 2732 bibit
619 2689 714 2732 nemo
737 2677 870 2754 propter
892 2689 962 2730 eam
985 2689 1117 2732 causam
1139 2667 1197 2731 sed
1225 2666 1444 2732 lavationibus
1468 2676 1500 2731 et
1522 2665 1663 2753 reliquis

462 2783 495 2832 20
513 2769 610 2833 rebus
633 2778 769 2834 utuntur
775 2817 784 2851 ,
814 2768 932 2833 bibunt
958 2779 1067 2833 autem
1091 2793 1132 2833 ex
1160 2769 1266 2856 puteis
1291 2778 1322 2832 et
1350 2770 1397 2832 ita
1418 2769 1526 2831 vitant
1548 2789 1663 2831 eorum

512 2872 605 2936 vitia.
656 2871 817 2936 Troezeni
845 2893 910 2936 non
937 2881 1045 2959 potest
1077 2870 1112 2936 id
1140 2871 1255 2953 vitari,
1290 2869 1377 2957 quod
1409 2869 1540 2935 omnino
1568 2867 1664 2933 aliud

512 2996 613 3059 genus
636 2996 739 3060 aquae
762 2995 827 3037 non
848 2976 1010 3060 reperitur
1031 2974 1096 3036 nisi
1119 2973 1206 3059 quod
1229 2971 1360 3037 Cibdeli
1382 2970 1520 3053 habent,
1548 2972 1664 3057 itaque

511 3078 547 3139 in
579 3098 616 3139 ea
647 3078 781 3140 civitate
809 3085 865 3139 aut
893 3097 1005 3139 omnes
1032 3084 1089 3138 aut
1122 3076 1266 3139 maxima
1292 3083 1386 3161 parte
1413 3083 1489 3138 sunt
1519 3072 1663 3160 pedibus

512 3177 634 3243 vitiosi.
680 3176 796 3242 Cilicia
818 3199 896 3241 vero
912 3177 1029 3240 civitas
1050 3176 1186 3257 Tarsos,
1209 3176 1330 3240 flumen
1352 3186 1401 3241 est
1422 3176 1554 3241 nomine
1568 3174 1662 3261 Cyd-

462 3295 495 3343 26
512 3301 586 3361 noo,
611 3280 731 3364 inquo
754 3278 923 3365 podagrici
946 3300 1040 3342 crura
1061 3287 1261 3342 macerantes
1285 3277 1436 3341 levantur
1458 3275 1581 3341 dolore.

581 3473 596 3519 3
614 3470 698 3533 pinae
717 3468 749 3517 E.
774 3463 786 3533 ΙΙ
808 3469 824 3517 4
843 3467 1060 3533 similibus.un
1080 3467 1112 3529 Ε,
1130 3467 1266 3517 similibus
1281 3467 1285 3530 Ι
1302 3482 1354 3532 que
1375 3469 1408 3520 G:
1427 3466 1622 3532 similibusque
1637 3468 1665 3517 H

515 3550 586 3617 (-q;
604 3551 658 3618 ΕΙ),
682 3549 694 3617 ΙΙ
717 3552 886 3602 transeunda
907 3560 966 3602 unte
984 3568 1053 3602 corr.
1075 3551 1097 3601 G
1119 3550 1156 3616 (et
1175 3552 1209 3613 Ε,
1233 3552 1276 3601 ubi
1297 3567 1313 3601 o
1335 3554 1362 3601 ia
1383 3550 1458 3615 rua).
1480 3548 1492 3617 ΙΙ
1520 3555 1535 3602 ’1
1559 3552 1590 3601 hi
1613 3553 1664 3603 Eo

514 3637 574 3700 (Irlz
593 3637 633 3685 hii
650 3637 682 3685 H
698 3634 790 3699 (th).
813 3632 825 3700 ΙΙ
847 3637 863 3684 8
881 3636 984 3687 habent
1003 3638 1076 3687 euim
1094 3637 1163 3686 vitia
1182 3652 1270 3701 aquae
1290 3636 1399 3687 calidae
1417 3635 1532 3701 sulphur
1550 3637 1663 3689 alumen

514 3722 637 3771 bitumen
649 3761 655 3775 .
667 3720 834 3784 eaedemque
851 3737 900 3786 per
919 3757 964 3775 .,..
982 3722 1022 3771 sic
1039 3722 1127 3786 EGH,
1145 3724 1196 3771 nist
1212 3724 1280 3787 quod
1293 3719 1298 3787 Ι
1313 3724 1355 3771 Ea
1373 3722 1492 3785 denique
1510 3730 1571 3772 ante
1589 3739 1661 3774 corr.

516 3806 549 3869 G,
574 3806 627 3857 has
651 3806 769 3870 deniquo
792 3805 829 3863 Ε,
853 3804 1020 3870 eaedemque
1044 3807 1073 3855 H
1093 3805 1187 3869 (6⁶Lt,
1211 3806 1362 3871 eademque
1385 3806 1436 3871 ct).
1472 3823 1524 3857 non
1546 3811 1663 3871 expedio

514 3889 584 3954 (uti?
605 3906 639 3941 ea
657 3890 690 3941 de
710 3889 800 3955 aqua‘l
823 3891 891 3956 epol.
914 3886 927 3958 ΙΙ
953 3893 968 3941 9
993 3890 1058 3940 iniit
1076 3891 1129 3941 GH
1149 3899 1174 3941 et
1196 3899 1255 3942 ante
1277 3908 1330 3946 rur.
1353 3892 1390 3955 E,
1414 3892 1467 3940 init
1488 3892 1527 3940 Ec
1550 3892 1664 3954 (ineunt

513 3974 592 4038 Jnn).
615 3970 627 4040 ΙΙ
653 3977 684 4025 10
704 3976 884 4041 attingit...
904 3974 985 4026 durat
1003 3975 1096 4038 (duros
1113 3976 1148 4039 L)
1167 3977 1253 4027 EGH.
1276 3973 1288 4043 ΙΙ
1313 3978 1341 4025 11
1362 3980 1505 4042 turgentes
1524 3975 1662 4042 elongitu·

514 4059 577 4109 dius
596 4058 658 4110 Ed:
678 4062 808 4123 turgente
827 4077 856 4111 se
874 4061 1048 4126 longitudine
1063 4062 1090 4110 H
1108 4058 1188 4125 (ch,
1202 4065 1330 4126 turgente
1348 4060 1397 4110 sed
1414 4060 1488 4125 long.
1508 4064 1524 4119 t,
1544 4066 1661 4127 turgen-

513 4142 648 4208 teselong.
662 4159 683 4202 r,
696 4149 840 4209 turgentes
853 4145 944 4210 elong.
958 4145 981 4201 t,
994 4150 1072 4196 -tes
1082 4182 1088 4195 .
1099 4145 1189 4210 elong.
1202 4146 1250 4210 lic).
1266 4141 1278 4211 ΙΙ
1296 4148 1327 4194 12
1339 4146 1478 4195 nervicos:
1496 4148 1534 4195 ric
1544 4146 1633 4196 EGH.
1646 4146 1658 4209 ΙΙ

515 4230 546 4279 13
559 4228 736 4291 spissioribus
749 4231 801 4279 ed:
822 4229 1004 4294 spissionibus
1017 4230 1103 4279 EGII.
1119 4225 1131 4296 ΙΙ
1148 4232 1179 4279 15
1191 4228 1348 4294 perlucidas
1361 4228 1459 4292 (venas
1471 4231 1533 4282 add.
1546 4229 1611 4291 ed),
1626 4246 1661 4279 ex

514 4317 576 4377 ipsa
588 4314 629 4361 uti
638 4326 697 4377 epo:
711 4312 868 4378 perlucidas
878 4312 901 4363 dr
912 4314 974 4379 ipsa
986 4314 1027 4364 uti
1036 4314 1122 4366 EGH.
1134 4311 1146 4380 ΙΙ
1160 4315 1190 4363 16
1203 4314 1274 4365 haee
1283 4315 1360 4366 ΕΘΗ
1370 4312 1428 4377 (Le,
1440 4314 1493 4380 hqc
1505 4315 1528 4373 t,
1542 4314 1598 4363 hae
1609 4315 1637 4377 ΙΙ.
1647 4312 1659 4377 ΙΙ

514 4396 704 4447 consideratur
718 4397 763 4447 θῦε
777 4398 986 4449 considerantur
995 4398 1077 4449 EGH
1086 4397 1138 4462 (LI,
1150 4402 1281 4449 -rentnr
1292 4400 1342 4465 ct).
1355 4396 1366 4466 ΙΙ
1384 4402 1414 4449 17
1425 4399 1580 4454 huiusmodi
1594 4399 1631 4460 E,
1647 4395 1659 4465 ΙΙ

516 4484 547 4531 18
566 4483 659 4546 inasty
678 4483 737 4540 GH,
755 4483 840 4532 inusti
857 4484 892 4533 E.
913 4479 924 4550 ΙΙ
947 4484 1071 4549 piraeum
1091 4484 1145 4534 GH
1160 4481 1207 4547 (Ε,
1226 4486 1332 4550 pireum
1352 4486 1397 4542 6⁶,
1420 4499 1533 4550 pyreum
1551 4484 1589 4543 ct,
1610 4501 1662 4549 py-

514 4580 590 4614 reum
613 4564 644 4631 l),
669 4582 782 4630 pureum
799 4567 834 4617 E.
859 4563 871 4634 ΙΙ
893 4570 925 4618 21
949 4569 1087 4619 troezenis
1112 4571 1150 4619 sic
1173 4569 1259 4621 EGH.
1284 4566 1296 4636 ΙΙ
1323 4572 1356 4619 22
1375 4569 1477 4620 cibdeli
1501 4568 1556 4617 ΕΗ
1574 4566 1659 4633 (hle),

515 4647 645 4713 eibildeli
665 4650 694 4701 d.
718 4647 731 4716 ΙΙ
751 4651 856 4701 habent
878 4653 915 4702 L:
938 4653 1060 4703 habeant
1081 4653 1161 4706 ΕΕΗ
1185 4652 1239 4717 (lc).
1264 4651 1275 4720 ΙΙ
1298 4657 1331 4705 23
1358 4655 1476 4704 maxima
1498 4657 1593 4718 parte:
1621 4656 1661 4703 stc

515 4734 600 4785 EGH.
623 4729 635 4797 ΙΙ
659 4735 692 4783 24
709 4734 804 4785 cilicia
830 4751 895 4787 vero
923 4738 1025 4788 civitas
1049 4733 1186 4801 (—ta·lG)
1209 4739 1304 4789 tharso
1326 4737 1424 4802 (thirso
1447 4738 1497 4802 E):
1523 4740 1562 4787 sic
1580 4737 1664 4788 EGH
