<?xml version="1.0" encoding="UTF-8"?>
<!DOCTYPE html PUBLIC "-//W3C//DTD XHTML 1.0 Transitional//EN"
    "http://www.w3.org/TR/xhtml1/DTD/xhtml1-transitional.dtd">
<html xmlns="http://www.w3.org/1999/xhtml" xml:lang="en" lang="en">
 <head>
  <title>
</title>
<meta http-equiv="Content-Type" content="text/html;charset=utf-8" />
  <meta name='ocr-system' content='tesseract 3.04.00' />
  <meta name='ocr-capabilities' content='ocr_page ocr_carea ocr_par ocr_line ocrx_word'/>
</head>
<body>
  <div class='ocr_page' id='page_1' title='image "./vitruviidearchi00strgoog_0322.png"; bbox 0 0 3984 5825; ppageno 0'>
   <div class='ocr_carea' id='block_1_1' title="bbox 495 703 1456 788">
    <p class='ocr_par' dir='ltr' id='par_1_1' title="bbox 495 703 1456 788">
     <span class='ocr_line' id='line_1_1' title="bbox 495 703 1456 788; baseline -0.001 -21"><span class='ocrx_word' id='word_1_1' title='bbox 495 720 543 767; x_wconf 84' lang='lat' dir='ltr'>nn</span> <span class='ocrx_word' id='word_1_2' title='bbox 565 720 727 769; x_wconf 84' lang='lat' dir='ltr'>nrvnesrs</span> <span class='ocrx_word' id='word_1_3' title='bbox 751 720 910 770; x_wconf 69' lang='lat' dir='ltr'>racemis</span> <span class='ocrx_word' id='word_1_4' title='bbox 932 719 1271 788; x_wconf 73' lang='lat' dir='ltr'>Aneurrncronrcsn.</span> <span class='ocrx_word' id='word_1_5' title='bbox 1393 703 1456 767; x_wconf 86' lang='grc'>299</span> 
     </span>
    </p>
   </div>
   <div class='ocr_carea' id='block_1_2' title="bbox 274 871 1590 1472">
    <p class='ocr_par' dir='ltr' id='par_1_2' title="bbox 274 871 1590 1472">
     <span class='ocr_line' id='line_1_2' title="bbox 308 871 1456 961; baseline -0.003 -23"><span class='ocrx_word' id='word_1_6' title='bbox 308 884 440 938; x_wconf 88' lang='lat' dir='ltr'>ventur.</span> <span class='ocrx_word' id='word_1_7' title='bbox 485 883 663 961; x_wconf 82' lang='lat' dir='ltr'>vaporatae</span> <span class='ocrx_word' id='word_1_8' title='bbox 692 875 777 938; x_wconf 87' lang='lat' dir='ltr'>enim</span> <span class='ocrx_word' id='word_1_9' title='bbox 799 876 948 958; x_wconf 83' lang='lat' dir='ltr'>regiones</span> <span class='ocrx_word' id='word_1_10' title='bbox 972 873 1172 939; x_wconf 80' lang='lat' dir='ltr'>curculiones</span> <span class='ocrx_word' id='word_1_11' title='bbox 1197 881 1229 937; x_wconf 89' lang='lat' dir='ltr'>ct</span> <span class='ocrx_word' id='word_1_12' title='bbox 1251 871 1315 936; x_wconf 87' lang='lat' dir='ltr'>alia</span> <span class='ocrx_word' id='word_1_13' title='bbox 1336 894 1456 957; x_wconf 89' lang='lat' dir='ltr'>genera</span> 
     </span>
     <span class='ocr_line' id='line_1_3' title="bbox 310 973 1456 1064; baseline -0.005 -23"><span class='ocrx_word' id='word_1_14' title='bbox 310 975 524 1041; x_wconf 82' lang='lat' dir='ltr'>bestiolarum</span> <span class='ocrx_word' id='word_1_15' title='bbox 547 976 697 1040; x_wconf 90' lang='lat' dir='ltr'>nutriunt</span> <span class='ocrx_word' id='word_1_16' title='bbox 719 998 801 1063; x_wconf 90' lang='lat' dir='ltr'>quac</span> <span class='ocrx_word' id='word_1_17' title='bbox 824 975 935 1060; x_wconf 86' lang='lat' dir='ltr'>fruges</span> <span class='ocrx_word' id='word_1_18' title='bbox 951 984 1171 1064; x_wconf 91' lang='lat' dir='ltr'>corrumpunt.</span> <span class='ocrx_word' id='word_1_19' title='bbox 1208 974 1323 1038; x_wconf 91' lang='lat' dir='ltr'>horrea</span> <span class='ocrx_word' id='word_1_20' title='bbox 1343 973 1456 1036; x_wconf 84' lang='lat' dir='ltr'>fenilia</span> 
     </span>
     <span class='ocr_line' id='line_1_4' title="bbox 310 1074 1455 1166; baseline 0 -24"><span class='ocrx_word' id='word_1_21' title='bbox 310 1079 452 1166; x_wconf 92' lang='lat' dir='ltr'>pistrina</span> <span class='ocrx_word' id='word_1_22' title='bbox 474 1087 568 1141; x_wconf 86' lang='lat' dir='ltr'>extra</span> <span class='ocrx_word' id='word_1_23' title='bbox 592 1076 703 1140; x_wconf 89' lang='lat' dir='ltr'>villam</span> <span class='ocrx_word' id='word_1_24' title='bbox 726 1087 801 1143; x_wconf 89' lang='lat' dir='ltr'>sunt</span> <span class='ocrx_word' id='word_1_25' title='bbox 823 1077 1061 1158; x_wconf 86' lang='lat' dir='ltr'>constituenda,</span> <span class='ocrx_word' id='word_1_26' title='bbox 1085 1087 1120 1142; x_wconf 86' lang='lat' dir='ltr'>ut</span> <span class='ocrx_word' id='word_1_27' title='bbox 1142 1076 1184 1142; x_wconf 92' lang='lat' dir='ltr'>ab</span> <span class='ocrx_word' id='word_1_28' title='bbox 1207 1077 1293 1161; x_wconf 84' lang='lat' dir='ltr'>ignis</span> <span class='ocrx_word' id='word_1_29' title='bbox 1312 1074 1455 1164; x_wconf 88' lang='lat' dir='ltr'>periculo</span> 
     </span>
     <span class='ocr_line' id='line_1_5' title="bbox 311 1176 1456 1266; baseline -0.001 -22"><span class='ocrx_word' id='word_1_30' title='bbox 311 1178 413 1244; x_wconf 92' lang='lat' dir='ltr'>villae</span> <span class='ocrx_word' id='word_1_31' title='bbox 439 1179 506 1244; x_wconf 92' lang='lat' dir='ltr'>sint</span> <span class='ocrx_word' id='word_1_32' title='bbox 534 1180 681 1244; x_wconf 88' lang='lat' dir='ltr'>tutiores.</span> <span class='ocrx_word' id='word_1_33' title='bbox 726 1179 857 1266; x_wconf 88' lang='lat' dir='ltr'>siquid</span> <span class='ocrx_word' id='word_1_34' title='bbox 885 1202 963 1243; x_wconf 92' lang='lat' dir='ltr'>vero</span> <span class='ocrx_word' id='word_1_35' title='bbox 991 1178 1106 1243; x_wconf 88' lang='lat' dir='ltr'>melius</span> <span class='ocrx_word' id='word_1_36' title='bbox 1130 1188 1162 1244; x_wconf 91' lang='lat' dir='ltr'>et</span> <span class='ocrx_word' id='word_1_37' title='bbox 1183 1177 1320 1244; x_wconf 85' lang='lat' dir='ltr'>nitidius</span> <span class='ocrx_word' id='word_1_38' title='bbox 1349 1176 1456 1243; x_wconf 83' lang='lat' dir='ltr'>facere</span> 
     </span>
     <span class='ocr_line' id='line_1_6' title="bbox 274 1280 1158 1368; baseline -0.002 -21"><span class='ocrx_word' id='word_1_39' title='bbox 274 1281 468 1365; x_wconf 75' lang='lat' dir='ltr'>evolueris,</span> <span class='ocrx_word' id='word_1_40' title='bbox 492 1280 642 1368; x_wconf 86' lang='lat' dir='ltr'>exempla</span> <span class='ocrx_word' id='word_1_41' title='bbox 664 1281 705 1345; x_wconf 93' lang='lat' dir='ltr'>de</span> <span class='ocrx_word' id='word_1_42' title='bbox 726 1282 859 1345; x_wconf 89' lang='lat' dir='ltr'>urbanis</span> <span class='ocrx_word' id='word_1_43' title='bbox 882 1281 1016 1347; x_wconf 86' lang='lat' dir='ltr'>fabricis</span> <span class='ocrx_word' id='word_1_44' title='bbox 1039 1304 1158 1346; x_wconf 90' lang='lat' dir='ltr'>sumes.</span> 
     </span>
     <span class='ocr_line' id='line_1_7' title="bbox 398 1381 1590 1472; baseline -0.003 -24"><span class='ocrx_word' id='word_1_45' title='bbox 398 1383 527 1449; x_wconf 90' lang='lat' dir='ltr'>Urbani</span> <span class='ocrx_word' id='word_1_46' title='bbox 559 1386 670 1470; x_wconf 86' lang='lat' dir='ltr'>itaque</span> <span class='ocrx_word' id='word_1_47' title='bbox 700 1384 806 1472; x_wconf 91' lang='lat' dir='ltr'>operis</span> <span class='ocrx_word' id='word_1_48' title='bbox 833 1385 973 1469; x_wconf 85' lang='lat' dir='ltr'>gratiam</span> <span class='ocrx_word' id='word_1_49' title='bbox 999 1383 1194 1448; x_wconf 91' lang='lat' dir='ltr'>luminosam</span> <span class='ocrx_word' id='word_1_50' title='bbox 1221 1405 1293 1448; x_wconf 89' lang='lat' dir='ltr'>esse</span> <span class='ocrx_word' id='word_1_51' title='bbox 1320 1391 1446 1470; x_wconf 82' lang='lat' dir='ltr'>oportet</span> <span class='ocrx_word' id='word_1_52' title='bbox 1489 1381 1547 1421; x_wconf 70' lang='lat' dir='ltr'>XlV·</span> <span class='ocrx_word' id='word_1_53' title='bbox 1562 1381 1590 1421; x_wconf 75' lang='lat'>⁰⁰</span> 
     </span>
    </p>
   </div>
   <div class='ocr_carea' id='block_1_3' title="bbox 1448 1431 1609 1493">
    <p class='ocr_par' dir='ltr' id='par_1_3' title="bbox 1448 1431 1609 1493">
     <span class='ocr_line' id='line_1_8' title="bbox 1448 1431 1609 1493; baseline -0.012 -20"><span class='ocrx_word' id='word_1_54' title='bbox 1448 1431 1457 1464; x_wconf 73' lang='lat'><em>7</em></span> <span class='ocrx_word' id='word_1_55' title='bbox 1469 1433 1609 1493; x_wconf 78' lang='lat' dir='ltr'>dispositione</span> 
     </span>
    </p>
   </div>
   <div class='ocr_carea' id='block_1_4' title="bbox 263 1483 1607 3705">
    <p class='ocr_par' dir='ltr' id='par_1_4' title="bbox 311 1483 1607 1777">
     <span class='ocr_line' id='line_1_9' title="bbox 311 1483 1607 1576; baseline -0.002 -26"><span class='ocrx_word' id='word_1_56' title='bbox 311 1488 507 1574; x_wconf 88' lang='lat' dir='ltr'>praesertim</span> <span class='ocrx_word' id='word_1_57' title='bbox 530 1507 603 1549; x_wconf 92' lang='lat' dir='ltr'>cum</span> <span class='ocrx_word' id='word_1_58' title='bbox 626 1485 707 1549; x_wconf 94' lang='lat' dir='ltr'>nulli</span> <span class='ocrx_word' id='word_1_59' title='bbox 722 1487 824 1549; x_wconf 90' lang='lat' dir='ltr'>vicini</span> <span class='ocrx_word' id='word_1_60' title='bbox 844 1488 987 1572; x_wconf 89' lang='lat' dir='ltr'>parietes</span> <span class='ocrx_word' id='word_1_61' title='bbox 1004 1486 1182 1573; x_wconf 86' lang='lat' dir='ltr'>inpediant.</span> <span class='ocrx_word' id='word_1_62' title='bbox 1220 1483 1459 1571; x_wconf 89' lang='lat' dir='ltr'>disponendum</span> <span class='ocrx_word' id='word_1_63' title='bbox 1473 1497 1607 1576; x_wconf 43' lang='lat'>⁰¹³³&amp;</span> 
     </span>
     <span class='ocr_line' id='line_1_10' title="bbox 313 1585 1596 1672; baseline -0.002 -21"><span class='ocrx_word' id='word_1_64' title='bbox 313 1590 377 1652; x_wconf 90' lang='lat' dir='ltr'>erit</span> <span class='ocrx_word' id='word_1_65' title='bbox 398 1597 509 1652; x_wconf 88' lang='lat' dir='ltr'>tamen</span> <span class='ocrx_word' id='word_1_66' title='bbox 530 1597 621 1670; x_wconf 85' lang='lat' dir='ltr'>ante,</span> <span class='ocrx_word' id='word_1_67' title='bbox 651 1598 687 1652; x_wconf 90' lang='lat' dir='ltr'>ut</span> <span class='ocrx_word' id='word_1_68' title='bbox 710 1597 797 1652; x_wconf 90' lang='lat' dir='ltr'>certa</span> <span class='ocrx_word' id='word_1_69' title='bbox 819 1610 940 1672; x_wconf 90' lang='lat' dir='ltr'>genera</span> <span class='ocrx_word' id='word_1_70' title='bbox 960 1587 1183 1652; x_wconf 90' lang='lat' dir='ltr'>aedificiorum</span> <span class='ocrx_word' id='word_1_71' title='bbox 1205 1585 1288 1651; x_wconf 90' lang='lat' dir='ltr'>caeli</span> <span class='ocrx_word' id='word_1_72' title='bbox 1309 1588 1457 1672; x_wconf 77' lang='lat' dir='ltr'>regiones</span> <span class='ocrx_word' id='word_1_73' title='bbox 1479 1621 1533 1661; x_wconf 57' lang='lat' dir='ltr'>vm,</span> <span class='ocrx_word' id='word_1_74' title='bbox 1547 1624 1596 1669; x_wconf 54' lang='lat' dir='ltr'>gg,</span> 
     </span>
     <span class='ocr_line' id='line_1_11' title="bbox 312 1688 1457 1777; baseline -0.003 -23"><span class='ocrx_word' id='word_1_75' title='bbox 312 1699 390 1777; x_wconf 91' lang='lat' dir='ltr'>apte</span> <span class='ocrx_word' id='word_1_76' title='bbox 412 1691 539 1777; x_wconf 86' lang='lat' dir='ltr'>possint</span> <span class='ocrx_word' id='word_1_77' title='bbox 561 1699 719 1776; x_wconf 86' lang='lat' dir='ltr'>spectare.</span> <span class='ocrx_word' id='word_1_78' title='bbox 756 1689 894 1753; x_wconf 91' lang='lat' dir='ltr'>hiberna</span> <span class='ocrx_word' id='word_1_79' title='bbox 916 1713 993 1774; x_wconf 91' lang='lat' dir='ltr'>ergo</span> <span class='ocrx_word' id='word_1_80' title='bbox 1015 1688 1158 1754; x_wconf 88' lang='lat' dir='ltr'>triclinia</span> <span class='ocrx_word' id='word_1_81' title='bbox 1179 1689 1352 1753; x_wconf 90' lang='lat' dir='ltr'>hibernum</span> <span class='ocrx_word' id='word_1_82' title='bbox 1373 1688 1457 1752; x_wconf 92' lang='lat' dir='ltr'>occi·</span> 
     </span>
    </p>

    <p class='ocr_par' dir='ltr' id='par_1_5' title="bbox 263 1789 1457 1980">
     <span class='ocr_line' id='line_1_12' title="bbox 263 1789 1457 1880; baseline 0.004 -28"><span class='ocrx_word' id='word_1_83' title='bbox 263 1805 295 1853; x_wconf 91' lang='lat'>10</span> <span class='ocrx_word' id='word_1_84' title='bbox 312 1791 446 1855; x_wconf 85' lang='lat' dir='ltr'>dentem</span> <span class='ocrx_word' id='word_1_85' title='bbox 468 1801 615 1878; x_wconf 89' lang='lat' dir='ltr'>spectare</span> <span class='ocrx_word' id='word_1_86' title='bbox 637 1789 768 1875; x_wconf 83' lang='lat' dir='ltr'>debent,</span> <span class='ocrx_word' id='word_1_87' title='bbox 791 1794 943 1877; x_wconf 88' lang='lat' dir='ltr'>quoniam</span> <span class='ocrx_word' id='word_1_88' title='bbox 958 1792 1146 1880; x_wconf 88' lang='lat' dir='ltr'>vespertino</span> <span class='ocrx_word' id='word_1_89' title='bbox 1165 1790 1287 1854; x_wconf 90' lang='lat' dir='ltr'>lumine</span> <span class='ocrx_word' id='word_1_90' title='bbox 1302 1812 1383 1875; x_wconf 90' lang='lat' dir='ltr'>opus</span> <span class='ocrx_word' id='word_1_91' title='bbox 1399 1799 1457 1857; x_wconf 91' lang='lat' dir='ltr'>est.</span> 
     </span>
     <span class='ocr_line' id='line_1_13' title="bbox 312 1892 1457 1980; baseline -0.002 -24"><span class='ocrx_word' id='word_1_92' title='bbox 312 1915 390 1956; x_wconf 90' lang='lat' dir='ltr'>nam</span> <span class='ocrx_word' id='word_1_93' title='bbox 417 1893 466 1957; x_wconf 90' lang='lat' dir='ltr'>sol</span> <span class='ocrx_word' id='word_1_94' title='bbox 488 1893 640 1957; x_wconf 91' lang='lat' dir='ltr'>occidens</span> <span class='ocrx_word' id='word_1_95' title='bbox 668 1914 732 1956; x_wconf 92' lang='lat' dir='ltr'>non</span> <span class='ocrx_word' id='word_1_96' title='bbox 756 1893 860 1957; x_wconf 92' lang='lat' dir='ltr'>solum</span> <span class='ocrx_word' id='word_1_97' title='bbox 886 1893 1059 1957; x_wconf 87' lang='lat' dir='ltr'>inluminat</span> <span class='ocrx_word' id='word_1_98' title='bbox 1081 1892 1139 1958; x_wconf 91' lang='lat' dir='ltr'>sed</span> <span class='ocrx_word' id='word_1_99' title='bbox 1161 1901 1295 1980; x_wconf 89' lang='lat' dir='ltr'>propter</span> <span class='ocrx_word' id='word_1_100' title='bbox 1314 1893 1383 1954; x_wconf 91' lang='lat' dir='ltr'>vim</span> <span class='ocrx_word' id='word_1_101' title='bbox 1406 1913 1457 1955; x_wconf 90' lang='lat' dir='ltr'>ca-</span> 
     </span>
    </p>

    <p class='ocr_par' dir='ltr' id='par_1_6' title="bbox 265 1980 1459 2286">
     <span class='ocr_line' id='line_1_14' title="bbox 265 1980 1458 2081; baseline 0 -25"><span class='ocrx_word' id='word_1_102' title='bbox 265 1980 269 1988; x_wconf 60' lang='grc'>’</span> <span class='ocrx_word' id='word_1_103' title='bbox 312 1993 394 2058; x_wconf 93' lang='lat' dir='ltr'>loris</span> <span class='ocrx_word' id='word_1_104' title='bbox 428 1993 556 2081; x_wconf 87' lang='lat' dir='ltr'>tepidas</span> <span class='ocrx_word' id='word_1_105' title='bbox 586 1994 667 2059; x_wconf 86' lang='lat' dir='ltr'>facit</span> <span class='ocrx_word' id='word_1_106' title='bbox 704 1996 862 2078; x_wconf 88' lang='lat' dir='ltr'>regiones.</span> <span class='ocrx_word' id='word_1_107' title='bbox 916 1992 1067 2058; x_wconf 92' lang='lat' dir='ltr'>cubicula</span> <span class='ocrx_word' id='word_1_108' title='bbox 1097 1996 1132 2057; x_wconf 81' lang='lat' dir='ltr'>&#39;et</span> <span class='ocrx_word' id='word_1_109' title='bbox 1163 1992 1383 2059; x_wconf 87' lang='lat' dir='ltr'>bibliothecae</span> <span class='ocrx_word' id='word_1_110' title='bbox 1415 1991 1458 2056; x_wconf 88' lang='lat' dir='ltr'>ad</span> 
     </span>
     <span class='ocr_line' id='line_1_15' title="bbox 313 2094 1459 2184; baseline -0.003 -23"><span class='ocrx_word' id='word_1_111' title='bbox 313 2097 474 2161; x_wconf 88' lang='lat' dir='ltr'>orientem</span> <span class='ocrx_word' id='word_1_112' title='bbox 506 2104 655 2184; x_wconf 89' lang='lat' dir='ltr'>spectare</span> <span class='ocrx_word' id='word_1_113' title='bbox 688 2096 819 2160; x_wconf 89' lang='lat' dir='ltr'>debent.</span> <span class='ocrx_word' id='word_1_114' title='bbox 863 2119 941 2160; x_wconf 89' lang='lat' dir='ltr'>usus</span> <span class='ocrx_word' id='word_1_115' title='bbox 973 2097 1059 2159; x_wconf 87' lang='lat' dir='ltr'>enim</span> <span class='ocrx_word' id='word_1_116' title='bbox 1093 2097 1287 2160; x_wconf 91' lang='lat' dir='ltr'>matutinum</span> <span class='ocrx_word' id='word_1_117' title='bbox 1316 2094 1459 2182; x_wconf 91' lang='lat' dir='ltr'>postulat</span> 
     </span>
     <span class='ocr_line' id='line_1_16' title="bbox 314 2196 1457 2286; baseline -0.003 -25"><span class='ocrx_word' id='word_1_118' title='bbox 314 2198 436 2262; x_wconf 90' lang='lat' dir='ltr'>lumen.</span> <span class='ocrx_word' id='word_1_119' title='bbox 480 2220 555 2261; x_wconf 90' lang='lat' dir='ltr'>nam</span> <span class='ocrx_word' id='word_1_120' title='bbox 578 2220 799 2284; x_wconf 89' lang='lat' dir='ltr'>quaecumque</span> <span class='ocrx_word' id='word_1_121' title='bbox 820 2196 892 2261; x_wconf 89' lang='lat' dir='ltr'>loca</span> <span class='ocrx_word' id='word_1_122' title='bbox 913 2197 1083 2261; x_wconf 87' lang='lat' dir='ltr'>meridiem</span> <span class='ocrx_word' id='word_1_123' title='bbox 1105 2208 1253 2286; x_wconf 88' lang='lat' dir='ltr'>spectant</span> <span class='ocrx_word' id='word_1_124' title='bbox 1275 2219 1386 2261; x_wconf 91' lang='lat' dir='ltr'>umore</span> <span class='ocrx_word' id='word_1_125' title='bbox 1408 2197 1457 2258; x_wconf 94' lang='lat' dir='ltr'>vi-</span> 
     </span>
    </p>

    <p class='ocr_par' dir='ltr' id='par_1_7' title="bbox 263 2298 1460 2591">
     <span class='ocr_line' id='line_1_17' title="bbox 263 2298 1459 2386; baseline 0 -26"><span class='ocrx_word' id='word_1_126' title='bbox 263 2313 294 2362; x_wconf 83' lang='lat'>15</span> <span class='ocrx_word' id='word_1_127' title='bbox 313 2301 448 2381; x_wconf 70' lang='lat' dir='ltr'>dantur,</span> <span class='ocrx_word' id='word_1_128' title='bbox 472 2301 623 2384; x_wconf 83' lang='lat' dir='ltr'>quoniam</span> <span class='ocrx_word' id='word_1_129' title='bbox 646 2301 739 2368; x_wconf 87' lang='lat' dir='ltr'>venti</span> <span class='ocrx_word' id='word_1_130' title='bbox 759 2299 864 2362; x_wconf 90' lang='lat' dir='ltr'>umidi</span> <span class='ocrx_word' id='word_1_131' title='bbox 886 2300 1047 2386; x_wconf 91' lang='lat' dir='ltr'>spirantes</span> <span class='ocrx_word' id='word_1_132' title='bbox 1069 2299 1218 2363; x_wconf 91' lang='lat' dir='ltr'>madidos</span> <span class='ocrx_word' id='word_1_133' title='bbox 1239 2298 1335 2362; x_wconf 88' lang='lat' dir='ltr'>flatus</span> <span class='ocrx_word' id='word_1_134' title='bbox 1351 2298 1459 2362; x_wconf 91' lang='lat' dir='ltr'>omnia</span> 
     </span>
     <span class='ocr_line' id='line_1_18' title="bbox 314 2398 1458 2487; baseline -0.001 -24"><span class='ocrx_word' id='word_1_135' title='bbox 314 2399 439 2487; x_wconf 90' lang='lat' dir='ltr'>pallore</span> <span class='ocrx_word' id='word_1_136' title='bbox 462 2411 682 2487; x_wconf 87' lang='lat' dir='ltr'>corrumpunt.</span> <span class='ocrx_word' id='word_1_137' title='bbox 720 2399 864 2464; x_wconf 91' lang='lat' dir='ltr'>triclinia</span> <span class='ocrx_word' id='word_1_138' title='bbox 887 2417 988 2465; x_wconf 88' lang='lat' dir='ltr'>verna</span> <span class='ocrx_word' id='word_1_139' title='bbox 1011 2411 1043 2466; x_wconf 91' lang='lat' dir='ltr'>et</span> <span class='ocrx_word' id='word_1_140' title='bbox 1065 2400 1266 2465; x_wconf 87' lang='lat' dir='ltr'>autumnalia</span> <span class='ocrx_word' id='word_1_141' title='bbox 1288 2398 1331 2463; x_wconf 90' lang='lat' dir='ltr'>ad</span> <span class='ocrx_word' id='word_1_142' title='bbox 1354 2400 1458 2464; x_wconf 90' lang='lat' dir='ltr'>orien-</span> 
     </span>
     <span class='ocr_line' id='line_1_19' title="bbox 313 2499 1460 2591; baseline -0.001 -25"><span class='ocrx_word' id='word_1_143' title='bbox 313 2513 382 2567; x_wconf 91' lang='lat' dir='ltr'>tem</span> <span class='ocrx_word' id='word_1_144' title='bbox 403 2511 551 2591; x_wconf 89' lang='lat' dir='ltr'>spectare</span> <span class='ocrx_word' id='word_1_145' title='bbox 574 2501 704 2585; x_wconf 86' lang='lat' dir='ltr'>debent,</span> <span class='ocrx_word' id='word_1_146' title='bbox 726 2511 763 2566; x_wconf 92' lang='lat' dir='ltr'>ut</span> <span class='ocrx_word' id='word_1_147' title='bbox 784 2503 928 2587; x_wconf 88' lang='lat' dir='ltr'>gratiora</span> <span class='ocrx_word' id='word_1_148' title='bbox 950 2505 1017 2568; x_wconf 89' lang='lat' dir='ltr'>sint</span> <span class='ocrx_word' id='word_1_149' title='bbox 1039 2503 1169 2590; x_wconf 87' lang='lat' dir='ltr'>quando</span> <span class='ocrx_word' id='word_1_150' title='bbox 1192 2503 1241 2567; x_wconf 90' lang='lat' dir='ltr'>his</span> <span class='ocrx_word' id='word_1_151' title='bbox 1264 2503 1312 2567; x_wconf 89' lang='lat' dir='ltr'>uti</span> <span class='ocrx_word' id='word_1_152' title='bbox 1328 2499 1460 2566; x_wconf 88' lang='lat' dir='ltr'>solitum</span> 
     </span>
    </p>

    <p class='ocr_par' dir='ltr' id='par_1_8' title="bbox 273 2602 1459 2793">
     <span class='ocr_line' id='line_1_20' title="bbox 273 2602 1459 2691; baseline 0 -23"><span class='ocrx_word' id='word_1_153' title='bbox 273 2646 277 2656; x_wconf 69' lang='lat'>=</span> <span class='ocrx_word' id='word_1_154' title='bbox 315 2614 376 2669; x_wconf 86' lang='lat' dir='ltr'>est.</span> <span class='ocrx_word' id='word_1_155' title='bbox 413 2605 540 2668; x_wconf 90' lang='lat' dir='ltr'>aestiva</span> <span class='ocrx_word' id='word_1_156' title='bbox 561 2603 704 2667; x_wconf 89' lang='lat' dir='ltr'>triclinia</span> <span class='ocrx_word' id='word_1_157' title='bbox 718 2602 761 2667; x_wconf 87' lang='lat' dir='ltr'>ad</span> <span class='ocrx_word' id='word_1_158' title='bbox 784 2606 1038 2691; x_wconf 85' lang='lat' dir='ltr'>septentrionem</span> <span class='ocrx_word' id='word_1_159' title='bbox 1054 2614 1202 2691; x_wconf 87' lang='lat' dir='ltr'>spectare</span> <span class='ocrx_word' id='word_1_160' title='bbox 1217 2603 1349 2687; x_wconf 89' lang='lat' dir='ltr'>debent,</span> <span class='ocrx_word' id='word_1_161' title='bbox 1372 2602 1459 2690; x_wconf 88' lang='lat' dir='ltr'>quod</span> 
     </span>
     <span class='ocr_line' id='line_1_21' title="bbox 316 2703 1459 2793; baseline -0.003 -24"><span class='ocrx_word' id='word_1_162' title='bbox 316 2728 354 2769; x_wconf 91' lang='lat' dir='ltr'>ea</span> <span class='ocrx_word' id='word_1_163' title='bbox 381 2707 474 2790; x_wconf 90' lang='lat' dir='ltr'>regio</span> <span class='ocrx_word' id='word_1_164' title='bbox 501 2715 631 2793; x_wconf 92' lang='lat' dir='ltr'>praeter</span> <span class='ocrx_word' id='word_1_165' title='bbox 658 2714 781 2770; x_wconf 89' lang='lat' dir='ltr'>ceteras</span> <span class='ocrx_word' id='word_1_166' title='bbox 810 2706 962 2791; x_wconf 89' lang='lat' dir='ltr'>frigidior</span> <span class='ocrx_word' id='word_1_167' title='bbox 989 2715 1093 2770; x_wconf 88' lang='lat' dir='ltr'>estet</span> <span class='ocrx_word' id='word_1_168' title='bbox 1121 2703 1286 2770; x_wconf 89' lang='lat' dir='ltr'>solstitiali</span> <span class='ocrx_word' id='word_1_169' title='bbox 1314 2714 1459 2793; x_wconf 90' lang='lat' dir='ltr'>tempore</span> 
     </span>
    </p>

    <p class='ocr_par' dir='ltr' id='par_1_9' title="bbox 265 2807 1276 2897">
     <span class='ocr_line' id='line_1_22' title="bbox 265 2807 1276 2897; baseline -0.001 -27"><span class='ocrx_word' id='word_1_170' title='bbox 265 2821 301 2870; x_wconf 79' lang='grc' dir='ltr'>2ο</span> <span class='ocrx_word' id='word_1_171' title='bbox 316 2809 491 2873; x_wconf 90' lang='lat' dir='ltr'>iocundam</span> <span class='ocrx_word' id='word_1_172' title='bbox 513 2808 664 2871; x_wconf 88' lang='lat' dir='ltr'>sanitatis</span> <span class='ocrx_word' id='word_1_173' title='bbox 687 2807 889 2897; x_wconf 88' lang='lat' dir='ltr'>voluptatem</span> <span class='ocrx_word' id='word_1_174' title='bbox 911 2807 1099 2896; x_wconf 88' lang='lat' dir='ltr'>corporibus</span> <span class='ocrx_word' id='word_1_175' title='bbox 1122 2816 1276 2894; x_wconf 87' lang='lat' dir='ltr'>praestat.</span> 
     </span>
    </p>

    <p class='ocr_par' dir='ltr' id='par_1_10' title="bbox 316 2907 1602 3302">
     <span class='ocr_line' id='line_1_23' title="bbox 358 2907 1594 3001; baseline -0.002 -28"><span class='ocrx_word' id='word_1_176' title='bbox 358 2909 589 2974; x_wconf 87' lang='lat' dir='ltr'>Tricliniorum</span> <span class='ocrx_word' id='word_1_177' title='bbox 617 2920 649 2973; x_wconf 93' lang='lat' dir='ltr'>ct</span> <span class='ocrx_word' id='word_1_178' title='bbox 677 2907 881 2975; x_wconf 86' lang='lat' dir='ltr'>conclavium</span> <span class='ocrx_word' id='word_1_179' title='bbox 913 2920 1033 2998; x_wconf 88' lang='lat' dir='ltr'>quanta</span> <span class='ocrx_word' id='word_1_180' title='bbox 1060 2908 1199 2974; x_wconf 92' lang='lat' dir='ltr'>latitudo</span> <span class='ocrx_word' id='word_1_181' title='bbox 1227 2918 1259 2973; x_wconf 86' lang='lat' dir='ltr'>et</span> <span class='ocrx_word' id='word_1_182' title='bbox 1287 2907 1457 2992; x_wconf 90' lang='lat' dir='ltr'>longitudo</span> <span class='ocrx_word' id='word_1_183' title='bbox 1489 2909 1594 3001; x_wconf 49' lang='lat' dir='ltr'>ffisffis</span> 
     </span>
     <span class='ocr_line' id='line_1_24' title="bbox 316 3007 1594 3104; baseline -0.002 -30"><span class='ocrx_word' id='word_1_184' title='bbox 316 3012 416 3076; x_wconf 86' lang='lat' dir='ltr'>fuerit</span> <span class='ocrx_word' id='word_1_185' title='bbox 438 3014 473 3076; x_wconf 93' lang='lat' dir='ltr'>in</span> <span class='ocrx_word' id='word_1_186' title='bbox 494 3034 557 3075; x_wconf 92' lang='lat' dir='ltr'>unc</span> <span class='ocrx_word' id='word_1_187' title='bbox 586 3021 771 3098; x_wconf 91' lang='lat' dir='ltr'>computata</span> <span class='ocrx_word' id='word_1_188' title='bbox 791 3034 959 3102; x_wconf 80' lang='lat' dir='ltr'>mensura,</span> <span class='ocrx_word' id='word_1_189' title='bbox 989 3035 1032 3076; x_wconf 85' lang='lat' dir='ltr'>ex</span> <span class='ocrx_word' id='word_1_190' title='bbox 1054 3035 1091 3076; x_wconf 93' lang='lat' dir='ltr'>ca</span> <span class='ocrx_word' id='word_1_191' title='bbox 1112 3012 1269 3075; x_wconf 88' lang='lat' dir='ltr'>medietas</span> <span class='ocrx_word' id='word_1_192' title='bbox 1291 3007 1458 3074; x_wconf 88' lang='lat' dir='ltr'>altitudini</span> <span class='ocrx_word' id='word_1_193' title='bbox 1489 3011 1594 3104; x_wconf 51' lang='lat' dir='ltr'>effla</span> 
     </span>
     <span class='ocr_line' id='line_1_25' title="bbox 316 3112 1602 3201; baseline -0.002 -25"><span class='ocrx_word' id='word_1_194' title='bbox 316 3114 489 3177; x_wconf 85' lang='lat' dir='ltr'>tribuatur.</span> <span class='ocrx_word' id='word_1_195' title='bbox 533 3115 561 3176; x_wconf 91' lang='lat' dir='ltr'>si</span> <span class='ocrx_word' id='word_1_196' title='bbox 583 3123 692 3177; x_wconf 90' lang='lat' dir='ltr'>autem</span> <span class='ocrx_word' id='word_1_197' title='bbox 720 3114 860 3177; x_wconf 86' lang='lat' dir='ltr'>exedrae</span> <span class='ocrx_word' id='word_1_198' title='bbox 881 3124 938 3178; x_wconf 91' lang='lat' dir='ltr'>aut</span> <span class='ocrx_word' id='word_1_199' title='bbox 960 3115 1029 3180; x_wconf 91' lang='lat' dir='ltr'>oeci</span> <span class='ocrx_word' id='word_1_200' title='bbox 1052 3113 1202 3201; x_wconf 90' lang='lat' dir='ltr'>quadrati</span> <span class='ocrx_word' id='word_1_201' title='bbox 1224 3112 1362 3194; x_wconf 82' lang='lat' dir='ltr'>fuerint,</span> <span class='ocrx_word' id='word_1_202' title='bbox 1392 3132 1458 3174; x_wconf 90' lang='lat' dir='ltr'>me·</span> <span class='ocrx_word' id='word_1_203' title='bbox 1478 3149 1534 3190; x_wconf 56' lang='lat' dir='ltr'>vm,</span> <span class='ocrx_word' id='word_1_204' title='bbox 1549 3152 1568 3199; x_wconf 54' lang='lat'>6,</span> <span class='ocrx_word' id='word_1_205' title='bbox 1582 3150 1602 3187; x_wconf 64' lang='lat'>4,</span> 
     </span>
     <span class='ocr_line' id='line_1_26' title="bbox 318 3213 1460 3302; baseline 0.002 -25"><span class='ocrx_word' id='word_1_206' title='bbox 318 3213 373 3277; x_wconf 92' lang='lat' dir='ltr'>dia</span> <span class='ocrx_word' id='word_1_207' title='bbox 400 3236 476 3301; x_wconf 88' lang='lat' dir='ltr'>pars</span> <span class='ocrx_word' id='word_1_208' title='bbox 498 3236 669 3279; x_wconf 87' lang='lat' dir='ltr'>mensurae</span> <span class='ocrx_word' id='word_1_209' title='bbox 691 3216 726 3277; x_wconf 90' lang='lat' dir='ltr'>in</span> <span class='ocrx_word' id='word_1_210' title='bbox 747 3213 955 3281; x_wconf 89' lang='lat' dir='ltr'>altitudinem</span> <span class='ocrx_word' id='word_1_211' title='bbox 976 3225 1130 3280; x_wconf 90' lang='lat' dir='ltr'>struatur.</span> <span class='ocrx_word' id='word_1_212' title='bbox 1174 3213 1404 3302; x_wconf 89' lang='lat' dir='ltr'>pinacothecae</span> <span class='ocrx_word' id='word_1_213' title='bbox 1428 3223 1460 3279; x_wconf 88' lang='lat' dir='ltr'>et</span> 
     </span>
    </p>

    <p class='ocr_par' dir='ltr' id='par_1_11' title="bbox 267 3315 1460 3608">
     <span class='ocr_line' id='line_1_27' title="bbox 267 3315 1458 3406; baseline 0.002 -29"><span class='ocrx_word' id='word_1_214' title='bbox 267 3328 299 3377; x_wconf 83' lang='grc'>25</span> <span class='ocrx_word' id='word_1_215' title='bbox 316 3315 551 3404; x_wconf 88' lang='lat' dir='ltr'>plumariorum</span> <span class='ocrx_word' id='word_1_216' title='bbox 583 3316 733 3381; x_wconf 85' lang='lat' dir='ltr'>officinae</span> <span class='ocrx_word' id='word_1_217' title='bbox 766 3320 801 3381; x_wconf 92' lang='lat' dir='ltr'>in</span> <span class='ocrx_word' id='word_1_218' title='bbox 825 3327 916 3404; x_wconf 90' lang='lat' dir='ltr'>parte</span> <span class='ocrx_word' id='word_1_219' title='bbox 949 3315 1195 3406; x_wconf 89' lang='lat' dir='ltr'>septentrionali</span> <span class='ocrx_word' id='word_1_220' title='bbox 1228 3325 1305 3380; x_wconf 93' lang='lat' dir='ltr'>sunt</span> <span class='ocrx_word' id='word_1_221' title='bbox 1338 3317 1458 3379; x_wconf 89' lang='lat' dir='ltr'>consti-</span> 
     </span>
     <span class='ocr_line' id='line_1_28' title="bbox 317 3415 1460 3505; baseline -0.002 -24"><span class='ocrx_word' id='word_1_222' title='bbox 317 3416 473 3499; x_wconf 81' lang='lat' dir='ltr'>tuendae,</span> <span class='ocrx_word' id='word_1_223' title='bbox 501 3428 538 3482; x_wconf 92' lang='lat' dir='ltr'>ut</span> <span class='ocrx_word' id='word_1_224' title='bbox 560 3417 683 3482; x_wconf 92' lang='lat' dir='ltr'>colores</span> <span class='ocrx_word' id='word_1_225' title='bbox 710 3427 742 3482; x_wconf 88' lang='lat' dir='ltr'>et</span> <span class='ocrx_word' id='word_1_226' title='bbox 764 3439 926 3505; x_wconf 85' lang='lat' dir='ltr'>purpurae</span> <span class='ocrx_word' id='word_1_227' title='bbox 953 3422 1023 3483; x_wconf 90' lang='lat' dir='ltr'>sine</span> <span class='ocrx_word' id='word_1_228' title='bbox 1045 3419 1126 3483; x_wconf 91' lang='lat' dir='ltr'>vitio</span> <span class='ocrx_word' id='word_1_229' title='bbox 1154 3426 1371 3482; x_wconf 85' lang='lat' dir='ltr'>reserventur.</span> <span class='ocrx_word' id='word_1_230' title='bbox 1419 3415 1460 3480; x_wconf 90' lang='lat' dir='ltr'>de</span> 
     </span>
     <span class='ocr_line' id='line_1_29' title="bbox 317 3519 1238 3608; baseline 0.003 -27"><span class='ocrx_word' id='word_1_231' title='bbox 317 3521 483 3605; x_wconf 90' lang='lat' dir='ltr'>vaporatis</span> <span class='ocrx_word' id='word_1_232' title='bbox 508 3521 595 3583; x_wconf 91' lang='lat' dir='ltr'>enim</span> <span class='ocrx_word' id='word_1_233' title='bbox 617 3519 803 3603; x_wconf 88' lang='lat' dir='ltr'>regionibus</span> <span class='ocrx_word' id='word_1_234' title='bbox 827 3519 1030 3608; x_wconf 90' lang='lat' dir='ltr'>corruptelae</span> <span class='ocrx_word' id='word_1_235' title='bbox 1051 3529 1238 3585; x_wconf 88' lang='lat' dir='ltr'>nascuntur.</span> 
     </span>
    </p>

    <p class='ocr_par' dir='ltr' id='par_1_12' title="bbox 403 3618 1595 3705">
     <span class='ocr_line' id='line_1_30' title="bbox 403 3618 1595 3705; baseline 0.003 -24"><span class='ocrx_word' id='word_1_236' title='bbox 403 3618 535 3683; x_wconf 91' lang='lat' dir='ltr'>Balneis</span> <span class='ocrx_word' id='word_1_237' title='bbox 570 3619 659 3684; x_wconf 91' lang='lat' dir='ltr'>locus</span> <span class='ocrx_word' id='word_1_238' title='bbox 690 3621 860 3705; x_wconf 91' lang='lat' dir='ltr'>eligendus</span> <span class='ocrx_word' id='word_1_239' title='bbox 889 3632 939 3686; x_wconf 91' lang='lat' dir='ltr'>est</span> <span class='ocrx_word' id='word_1_240' title='bbox 967 3632 1079 3687; x_wconf 92' lang='lat' dir='ltr'>contra</span> <span class='ocrx_word' id='word_1_241' title='bbox 1112 3645 1262 3687; x_wconf 88' lang='lat' dir='ltr'>occasum</span> <span class='ocrx_word' id='word_1_242' title='bbox 1284 3622 1457 3687; x_wconf 89' lang='lat' dir='ltr'>hibernum</span> <span class='ocrx_word' id='word_1_243' title='bbox 1489 3626 1547 3665; x_wconf 73' lang='lat' dir='ltr'>XV1·</span> <span class='ocrx_word' id='word_1_244' title='bbox 1565 3626 1595 3665; x_wconf 74' lang='lat'>⁰0</span> 
     </span>
    </p>
   </div>
   <div class='ocr_carea' id='block_1_5' title="bbox 1475 3675 1610 3717">
    <p class='ocr_par' dir='ltr' id='par_1_13' title="bbox 1475 3675 1610 3717">
     <span class='ocr_line' id='line_1_31' title="bbox 1475 3675 1610 3717; baseline -0.007 -1"><span class='ocrx_word' id='word_1_245' title='bbox 1475 3678 1555 3717; x_wconf 81' lang='lat' dir='ltr'>lubrica</span> <span class='ocrx_word' id='word_1_246' title='bbox 1567 3675 1610 3716; x_wconf 85' lang='lat' dir='ltr'>bal·</span> 
     </span>
    </p>
   </div>
   <div class='ocr_carea' id='block_1_6' title="bbox 316 3714 1590 3814">
    <p class='ocr_par' dir='ltr' id='par_1_14' title="bbox 316 3714 1590 3814">
     <span class='ocr_line' id='line_1_32' title="bbox 316 3714 1590 3814; baseline 0.001 -31"><span class='ocrx_word' id='word_1_247' title='bbox 316 3730 374 3784; x_wconf 93' lang='lat' dir='ltr'>aut</span> <span class='ocrx_word' id='word_1_248' title='bbox 401 3731 527 3808; x_wconf 89' lang='lat' dir='ltr'>partem</span> <span class='ocrx_word' id='word_1_249' title='bbox 554 3714 796 3807; x_wconf 69' lang='lat' dir='ltr'>meridianam,¹</span> <span class='ocrx_word' id='word_1_250' title='bbox 811 3733 848 3788; x_wconf 90' lang='lat' dir='ltr'>ut</span> <span class='ocrx_word' id='word_1_251' title='bbox 870 3723 937 3789; x_wconf 92' lang='lat' dir='ltr'>sole</span> <span class='ocrx_word' id='word_1_252' title='bbox 960 3724 1336 3814; x_wconf 17' lang='lat' dir='ltr'>decedente-vaporetur</span> <span class='ocrx_word' id='word_1_253' title='bbox 1357 3745 1461 3809; x_wconf 91' lang='lat' dir='ltr'>usque</span> <span class='ocrx_word' id='word_1_254' title='bbox 1495 3740 1590 3768; x_wconf 63' lang='lat' dir='ltr'>effluer-</span> 
     </span>
    </p>
   </div>
   <div class='ocr_carea' id='block_1_7' title="bbox 1473 3813 1612 3915">
    <p class='ocr_par' dir='ltr' id='par_1_15' title="bbox 1473 3813 1612 3915">
     <span class='ocr_line' id='line_1_33' title="bbox 1473 3813 1612 3861; baseline 0.007 -9"><span class='ocrx_word' id='word_1_255' title='bbox 1473 3813 1528 3852; x_wconf 62' lang='lat' dir='ltr'>vus.</span> <span class='ocrx_word' id='word_1_256' title='bbox 1546 3814 1569 3861; x_wconf 81' lang='lat' dir='ltr'>s,</span> <span class='ocrx_word' id='word_1_257' title='bbox 1588 3814 1612 3853; x_wconf 84' lang='grc' dir='ltr'>ιο</span> 
     </span>
     <span class='ocr_line' id='line_1_34' title="bbox 1474 3863 1611 3915; baseline 0 -12"><span class='ocrx_word' id='word_1_258' title='bbox 1474 3863 1534 3915; x_wconf 76' lang='lat' dir='ltr'>(rau.</span> <span class='ocrx_word' id='word_1_259' title='bbox 1542 3866 1560 3913; x_wconf 93' lang='lat'>1,</span> <span class='ocrx_word' id='word_1_260' title='bbox 1570 3863 1611 3912; x_wconf 80' lang='lat'>40).</span> 
     </span>
    </p>
   </div>
   <div class='ocr_carea' id='block_1_8' title="bbox 314 3925 1461 4848">
    <p class='ocr_par' dir='ltr' id='par_1_16' title="bbox 314 3925 1461 4848">
     <span class='ocr_line' id='line_1_35' title="bbox 385 3925 1459 3997; baseline 0.001 -19"><span class='ocrx_word' id='word_1_261' title='bbox 385 3930 402 3978; x_wconf 84' lang='lat'>4</span> <span class='ocrx_word' id='word_1_262' title='bbox 420 3933 458 3979; x_wconf 90' lang='lat' dir='ltr'>et:</span> <span class='ocrx_word' id='word_1_263' title='bbox 482 3932 520 3978; x_wconf 82' lang='lat' dir='ltr'>sic</span> <span class='ocrx_word' id='word_1_264' title='bbox 539 3927 583 3992; x_wconf 79' lang='lat' dir='ltr'>(dv)</span> <span class='ocrx_word' id='word_1_265' title='bbox 601 3945 659 3993; x_wconf 77' lang='lat' dir='ltr'>opp.</span> <span class='ocrx_word' id='word_1_266' title='bbox 682 3926 694 3995; x_wconf 83' lang='grc' dir='ltr'>ΙΙ</span> <span class='ocrx_word' id='word_1_267' title='bbox 722 3931 737 3979; x_wconf 85' lang='lat'>5</span> <span class='ocrx_word' id='word_1_268' title='bbox 755 3930 876 3981; x_wconf 91' lang='lat' dir='ltr'>volueris</span> <span class='ocrx_word' id='word_1_269' title='bbox 894 3947 938 3997; x_wconf 83' lang='lat' dir='ltr'>ap:</span> <span class='ocrx_word' id='word_1_270' title='bbox 963 3933 1039 3983; x_wconf 89' lang='lat' dir='ltr'>voles</span> <span class='ocrx_word' id='word_1_271' title='bbox 1056 3949 1081 3997; x_wconf 76' lang='lat'>9.</span> <span class='ocrx_word' id='word_1_272' title='bbox 1102 3929 1114 3997; x_wconf 84' lang='lat' dir='ltr'>ss</span> <span class='ocrx_word' id='word_1_273' title='bbox 1136 3932 1279 3995; x_wconf 73' lang='lat' dir='ltr'>deportet</span> <span class='ocrx_word' id='word_1_274' title='bbox 1297 3946 1343 3984; x_wconf 86' lang='lat' dir='ltr'>om.</span> <span class='ocrx_word' id='word_1_275' title='bbox 1363 3947 1385 3979; x_wconf 84' lang='lat' dir='ltr'>u.</span> <span class='ocrx_word' id='word_1_276' title='bbox 1409 3925 1421 3993; x_wconf 85' lang='grc' dir='ltr'>ΙΙ</span> <span class='ocrx_word' id='word_1_277' title='bbox 1444 3931 1459 3979; x_wconf 82' lang='grc'><strong>9</strong></span> 
     </span>
     <span class='ocr_line' id='line_1_36' title="bbox 315 4010 1459 4082; baseline 0 -19"><span class='ocrx_word' id='word_1_278' title='bbox 315 4014 440 4064; x_wconf 88' lang='lat' dir='ltr'>triclinia</span> <span class='ocrx_word' id='word_1_279' title='bbox 458 4029 500 4079; x_wconf 75' lang='lat' dir='ltr'>op:</span> <span class='ocrx_word' id='word_1_280' title='bbox 520 4030 567 4064; x_wconf 86' lang='lat' dir='ltr'>om.</span> <span class='ocrx_word' id='word_1_281' title='bbox 584 4030 612 4077; x_wconf 82' lang='lat' dir='ltr'>p.</span> <span class='ocrx_word' id='word_1_282' title='bbox 633 4010 645 4079; x_wconf 83' lang='grc' dir='ltr'>ΙΙ</span> <span class='ocrx_word' id='word_1_283' title='bbox 670 4018 698 4063; x_wconf 99' lang='grc'>11</span> <span class='ocrx_word' id='word_1_284' title='bbox 719 4019 832 4081; x_wconf 90' lang='lat' dir='ltr'>propter</span> <span class='ocrx_word' id='word_1_285' title='bbox 849 4018 903 4067; x_wconf 89' lang='lat' dir='ltr'>vim</span> <span class='ocrx_word' id='word_1_286' title='bbox 923 4014 983 4082; x_wconf 80' lang='lat' dir='ltr'>(pro</span> <span class='ocrx_word' id='word_1_287' title='bbox 1002 4017 1030 4068; x_wconf 93' lang='lat' dir='ltr'>vi</span> <span class='ocrx_word' id='word_1_288' title='bbox 1047 4016 1099 4073; x_wconf 84' lang='lat' dir='ltr'>cd.)</span> <span class='ocrx_word' id='word_1_289' title='bbox 1119 4016 1232 4065; x_wconf 86' lang='lat' dir='ltr'>caloris:</span> <span class='ocrx_word' id='word_1_290' title='bbox 1251 4014 1368 4080; x_wconf 83' lang='lat' dir='ltr'>proximi</span> <span class='ocrx_word' id='word_1_291' title='bbox 1386 4013 1459 4063; x_wconf 86' lang='lat' dir='ltr'>calo-</span> 
     </span>
     <span class='ocr_line' id='line_1_37' title="bbox 316 4090 1459 4166; baseline 0 -19"><span class='ocrx_word' id='word_1_292' title='bbox 316 4090 405 4162; x_wconf 46' lang='lat' dir='ltr'>ris&#39;op</span> <span class='ocrx_word' id='word_1_293' title='bbox 423 4106 448 4148; x_wconf 82' lang='lat' dir='ltr'>et</span> <span class='ocrx_word' id='word_1_294' title='bbox 465 4110 494 4163; x_wconf 62' lang='lat' dir='ltr'>pc</span> <span class='ocrx_word' id='word_1_295' title='bbox 517 4097 585 4161; x_wconf 84' lang='lat' dir='ltr'>(nam</span> <span class='ocrx_word' id='word_1_296' title='bbox 603 4100 613 4147; x_wconf 92' lang='lat' dir='ltr'>i</span> <span class='ocrx_word' id='word_1_297' title='bbox 631 4100 732 4150; x_wconf 86' lang='lat' dir='ltr'>caloris</span> <span class='ocrx_word' id='word_1_298' title='bbox 754 4103 780 4150; x_wconf 83' lang='lat' dir='ltr'>in</span> <span class='ocrx_word' id='word_1_299' title='bbox 796 4118 850 4153; x_wconf 81' lang='lat' dir='ltr'>ras.</span> <span class='ocrx_word' id='word_1_300' title='bbox 862 4101 912 4165; x_wconf 75' lang='lat'>90),</span> <span class='ocrx_word' id='word_1_301' title='bbox 936 4098 948 4166; x_wconf 83' lang='grc' dir='ltr'>ΙΙ</span> <span class='ocrx_word' id='word_1_302' title='bbox 973 4104 1005 4151; x_wconf 84' lang='grc'>13</span> <span class='ocrx_word' id='word_1_303' title='bbox 1022 4116 1087 4149; x_wconf 89' lang='lat' dir='ltr'>usus</span> <span class='ocrx_word' id='word_1_304' title='bbox 1099 4118 1113 4149; x_wconf 88' lang='grc' dir='ltr'><strong><em>υ</em></strong></span> <span class='ocrx_word' id='word_1_305' title='bbox 1127 4097 1221 4163; x_wconf 66' lang='lat' dir='ltr'>(pssp⁶):</span> <span class='ocrx_word' id='word_1_306' title='bbox 1240 4099 1317 4149; x_wconf 87' lang='lat' dir='ltr'>visus</span> <span class='ocrx_word' id='word_1_307' title='bbox 1329 4104 1389 4148; x_wconf 81' lang='lat' dir='ltr'>ante</span> <span class='ocrx_word' id='word_1_308' title='bbox 1406 4114 1459 4147; x_wconf 78' lang='lat' dir='ltr'>ras.</span> 
     </span>
     <span class='ocr_line' id='line_1_38' title="bbox 314 4178 1457 4250; baseline 0 -18"><span class='ocrx_word' id='word_1_309' title='bbox 314 4200 331 4247; x_wconf 73' lang='lat' dir='ltr'>p</span> <span class='ocrx_word' id='word_1_310' title='bbox 351 4190 419 4246; x_wconf 85' lang='lat' dir='ltr'>etp.</span> <span class='ocrx_word' id='word_1_311' title='bbox 443 4180 455 4249; x_wconf 85' lang='grc' dir='ltr'>ΙΙ</span> <span class='ocrx_word' id='word_1_312' title='bbox 479 4183 601 4248; x_wconf 83' lang='lat' dir='ltr'>postolat</span> <span class='ocrx_word' id='word_1_313' title='bbox 617 4202 644 4248; x_wconf 87' lang='lat' dir='ltr'>p.</span> <span class='ocrx_word' id='word_1_314' title='bbox 661 4181 674 4250; x_wconf 79' lang='grc' dir='ltr'>Η</span> <span class='ocrx_word' id='word_1_315' title='bbox 692 4187 722 4233; x_wconf 75' lang='grc'>14</span> <span class='ocrx_word' id='word_1_316' title='bbox 740 4185 882 4235; x_wconf 89' lang='lat' dir='ltr'>meridiem</span> <span class='ocrx_word' id='word_1_317' title='bbox 899 4202 945 4250; x_wconf 75' lang='lat' dir='ltr'>epo</span> <span class='ocrx_word' id='word_1_318' title='bbox 965 4185 1009 4248; x_wconf 85' lang='lat' dir='ltr'>(cf.</span> <span class='ocrx_word' id='word_1_319' title='bbox 1029 4185 1099 4233; x_wconf 85' lang='lat' dir='ltr'>Mar.</span> <span class='ocrx_word' id='word_1_320' title='bbox 1114 4185 1183 4233; x_wconf 75' lang='lat' dir='ltr'>aaa.</span> <span class='ocrx_word' id='word_1_321' title='bbox 1197 4184 1239 4247; x_wconf 85' lang='lat' dir='ltr'>l.):</span> <span class='ocrx_word' id='word_1_322' title='bbox 1261 4183 1432 4248; x_wconf 78' lang='lat' dir='ltr'>frigidavpp.</span> <span class='ocrx_word' id='word_1_323' title='bbox 1446 4178 1457 4247; x_wconf 76' lang='lat' dir='ltr'>ll</span> 
     </span>
     <span class='ocr_line' id='line_1_39' title="bbox 316 4265 1458 4333; baseline 0 -16"><span class='ocrx_word' id='word_1_324' title='bbox 316 4271 447 4332; x_wconf 86' lang='lat' dir='ltr'>spectant</span> <span class='ocrx_word' id='word_1_325' title='bbox 464 4267 577 4317; x_wconf 88' lang='lat' dir='ltr'>humore</span> <span class='ocrx_word' id='word_1_326' title='bbox 595 4269 728 4317; x_wconf 87' lang='lat' dir='ltr'>vitiantur</span> <span class='ocrx_word' id='word_1_327' title='bbox 746 4270 801 4320; x_wconf 86' lang='lat' dir='ltr'>Pol.</span> <span class='ocrx_word' id='word_1_328' title='bbox 821 4267 866 4331; x_wconf 78' lang='lat' dir='ltr'>(ea</span> <span class='ocrx_word' id='word_1_329' title='bbox 889 4269 948 4319; x_wconf 85' lang='lat' dir='ltr'>Vat.</span> <span class='ocrx_word' id='word_1_330' title='bbox 966 4267 1008 4332; x_wconf 89' lang='lat'>2):</span> <span class='ocrx_word' id='word_1_331' title='bbox 1028 4272 1188 4333; x_wconf 86' lang='lat' dir='ltr'>spectantur</span> <span class='ocrx_word' id='word_1_332' title='bbox 1205 4283 1327 4318; x_wconf 90' lang='lat' dir='ltr'>umorem</span> <span class='ocrx_word' id='word_1_333' title='bbox 1345 4265 1421 4332; x_wconf 74' lang='lat' dir='ltr'>(-1·e</span> <span class='ocrx_word' id='word_1_334' title='bbox 1431 4266 1458 4330; x_wconf 75' lang='lat' dir='ltr'>p)</span> 
     </span>
     <span class='ocr_line' id='line_1_40' title="bbox 316 4348 1459 4419; baseline 0.001 -20"><span class='ocrx_word' id='word_1_335' title='bbox 316 4351 466 4400; x_wconf 89' lang='lat' dir='ltr'>videantur</span> <span class='ocrx_word' id='word_1_336' title='bbox 484 4368 542 4417; x_wconf 71' lang='lat' dir='ltr'>opp.</span> <span class='ocrx_word' id='word_1_337' title='bbox 567 4348 579 4418; x_wconf 75' lang='lat' dir='ltr'>ll</span> <span class='ocrx_word' id='word_1_338' title='bbox 602 4355 633 4402; x_wconf 90' lang='lat'>15</span> <span class='ocrx_word' id='word_1_339' title='bbox 655 4354 736 4403; x_wconf 84' lang='lat' dir='ltr'>flatos</span> <span class='ocrx_word' id='word_1_340' title='bbox 753 4371 776 4403; x_wconf 85' lang='grc' dir='ltr'>υ.</span> <span class='ocrx_word' id='word_1_341' title='bbox 798 4350 811 4419; x_wconf 81' lang='grc' dir='ltr'>Η</span> <span class='ocrx_word' id='word_1_342' title='bbox 835 4356 866 4403; x_wconf 89' lang='grc'>16</span> <span class='ocrx_word' id='word_1_343' title='bbox 885 4360 911 4404; x_wconf 88' lang='lat' dir='ltr'>ct</span> <span class='ocrx_word' id='word_1_344' title='bbox 934 4370 979 4403; x_wconf 88' lang='lat' dir='ltr'>om.</span> <span class='ocrx_word' id='word_1_345' title='bbox 1004 4369 1052 4418; x_wconf 74' lang='lat' dir='ltr'>app</span> <span class='ocrx_word' id='word_1_346' title='bbox 1077 4351 1147 4415; x_wconf 83' lang='lat' dir='ltr'>(add.</span> <span class='ocrx_word' id='word_1_347' title='bbox 1171 4350 1233 4416; x_wconf 74' lang='lat' dir='ltr'>ed).</span> <span class='ocrx_word' id='word_1_348' title='bbox 1256 4350 1267 4418; x_wconf 86' lang='grc' dir='ltr'>ΙΙ</span> <span class='ocrx_word' id='word_1_349' title='bbox 1296 4354 1327 4401; x_wconf 81' lang='grc'>17</span> <span class='ocrx_word' id='word_1_350' title='bbox 1351 4349 1459 4415; x_wconf 90' lang='lat' dir='ltr'>quando</span> 
     </span>
     <span class='ocr_line' id='line_1_41' title="bbox 317 4433 1458 4503; baseline 0.001 -19"><span class='ocrx_word' id='word_1_351' title='bbox 317 4436 401 4488; x_wconf 73' lang='lat' dir='ltr'>Man:</span> <span class='ocrx_word' id='word_1_352' title='bbox 430 4435 501 4499; x_wconf 91' lang='lat' dir='ltr'>quod</span> <span class='ocrx_word' id='word_1_353' title='bbox 520 4435 569 4499; x_wconf 80' lang='lat' dir='ltr'>(qd</span> <span class='ocrx_word' id='word_1_354' title='bbox 584 4437 630 4502; x_wconf 74' lang='lat' dir='ltr'>pp)</span> <span class='ocrx_word' id='word_1_355' title='bbox 655 4454 713 4503; x_wconf 80' lang='lat' dir='ltr'>opp.</span> <span class='ocrx_word' id='word_1_356' title='bbox 737 4433 749 4503; x_wconf 77' lang='lat' dir='ltr'>ll</span> <span class='ocrx_word' id='word_1_357' title='bbox 771 4438 814 4486; x_wconf 91' lang='lat' dir='ltr'>his</span> <span class='ocrx_word' id='word_1_358' title='bbox 832 4455 876 4502; x_wconf 86' lang='lat' dir='ltr'>up:</span> <span class='ocrx_word' id='word_1_359' title='bbox 901 4438 944 4488; x_wconf 87' lang='lat' dir='ltr'>bis</span> <span class='ocrx_word' id='word_1_360' title='bbox 961 4454 985 4501; x_wconf 77' lang='lat' dir='ltr'>p.</span> <span class='ocrx_word' id='word_1_361' title='bbox 1011 4434 1023 4503; x_wconf 80' lang='lat' dir='ltr'>l}</span> <span class='ocrx_word' id='word_1_362' title='bbox 1047 4439 1077 4486; x_wconf 81' lang='lat' dir='ltr'>le</span> <span class='ocrx_word' id='word_1_363' title='bbox 1097 4441 1205 4487; x_wconf 84' lang='lat' dir='ltr'>ceteras</span> <span class='ocrx_word' id='word_1_364' title='bbox 1223 4439 1278 4489; x_wconf 76' lang='lat' dir='ltr'>ed:</span> <span class='ocrx_word' id='word_1_365' title='bbox 1306 4436 1420 4487; x_wconf 68' lang='lat' dir='ltr'>caderis</span> <span class='ocrx_word' id='word_1_366' title='bbox 1438 4453 1458 4491; x_wconf 85' lang='lat' dir='ltr'>v.</span> 
     </span>
     <span class='ocr_line' id='line_1_42' title="bbox 318 4517 1458 4588; baseline -0.001 -19"><span class='ocrx_word' id='word_1_367' title='bbox 318 4524 412 4569; x_wconf 86' lang='lat' dir='ltr'>cetera</span> <span class='ocrx_word' id='word_1_368' title='bbox 428 4536 472 4584; x_wconf 77' lang='lat' dir='ltr'>pp.</span> <span class='ocrx_word' id='word_1_369' title='bbox 495 4518 507 4585; x_wconf 77' lang='lat' dir='ltr'>ll</span> <span class='ocrx_word' id='word_1_370' title='bbox 530 4524 563 4573; x_wconf 70' lang='lat'>‘20</span> <span class='ocrx_word' id='word_1_371' title='bbox 580 4520 725 4571; x_wconf 89' lang='lat' dir='ltr'>iocundam</span> <span class='ocrx_word' id='word_1_372' title='bbox 742 4539 798 4587; x_wconf 80' lang='lat' dir='ltr'>app.</span> <span class='ocrx_word' id='word_1_373' title='bbox 822 4519 833 4587; x_wconf 84' lang='grc' dir='ltr'>ΙΙ</span> <span class='ocrx_word' id='word_1_374' title='bbox 856 4525 888 4571; x_wconf 90' lang='grc'>22</span> <span class='ocrx_word' id='word_1_375' title='bbox 907 4538 959 4571; x_wconf 90' lang='lat' dir='ltr'>uno</span> <span class='ocrx_word' id='word_1_376' title='bbox 971 4538 1017 4586; x_wconf 86' lang='lat' dir='ltr'>vp:</span> <span class='ocrx_word' id='word_1_377' title='bbox 1037 4537 1091 4571; x_wconf 88' lang='lat' dir='ltr'>una</span> <span class='ocrx_word' id='word_1_378' title='bbox 1109 4538 1133 4587; x_wconf 80' lang='lat' dir='ltr'>p.</span> <span class='ocrx_word' id='word_1_379' title='bbox 1157 4517 1169 4588; x_wconf 76' lang='lat' dir='ltr'>ll</span> <span class='ocrx_word' id='word_1_380' title='bbox 1192 4526 1313 4586; x_wconf 83' lang='lat' dir='ltr'>conputa</span> <span class='ocrx_word' id='word_1_381' title='bbox 1331 4518 1389 4584; x_wconf 83' lang='lat' dir='ltr'>(sic)</span> <span class='ocrx_word' id='word_1_382' title='bbox 1407 4537 1430 4569; x_wconf 85' lang='grc' dir='ltr'>υ.</span> <span class='ocrx_word' id='word_1_383' title='bbox 1446 4517 1458 4585; x_wconf 78' lang='lat' dir='ltr'>ll</span> 
     </span>
     <span class='ocr_line' id='line_1_43' title="bbox 317 4604 1461 4671; baseline 0.001 -19"><span class='ocrx_word' id='word_1_384' title='bbox 317 4606 350 4654; x_wconf 91' lang='grc'>23</span> <span class='ocrx_word' id='word_1_385' title='bbox 370 4604 471 4654; x_wconf 83' lang='lat' dir='ltr'>exedre</span> <span class='ocrx_word' id='word_1_386' title='bbox 486 4621 531 4669; x_wconf 73' lang='lat' dir='ltr'>pp,</span> <span class='ocrx_word' id='word_1_387' title='bbox 551 4605 676 4656; x_wconf 80' lang='lat' dir='ltr'>exaedree</span> <span class='ocrx_word' id='word_1_388' title='bbox 693 4623 715 4655; x_wconf 84' lang='lat' dir='ltr'>u.</span> <span class='ocrx_word' id='word_1_389' title='bbox 737 4604 748 4671; x_wconf 90' lang='grc' dir='ltr'>ΙΙ</span> <span class='ocrx_word' id='word_1_390' title='bbox 771 4611 819 4656; x_wconf 86' lang='lat' dir='ltr'>aut</span> <span class='ocrx_word' id='word_1_391' title='bbox 837 4606 899 4656; x_wconf 90' lang='lat' dir='ltr'>oeci</span> <span class='ocrx_word' id='word_1_392' title='bbox 915 4607 972 4656; x_wconf 87' lang='lat' dir='ltr'>Pol.</span> <span class='ocrx_word' id='word_1_393' title='bbox 991 4604 1040 4670; x_wconf 72' lang='lat' dir='ltr'>(eac</span> <span class='ocrx_word' id='word_1_394' title='bbox 1061 4606 1155 4671; x_wconf 84' lang='lat' dir='ltr'>Vitr.):</span> <span class='ocrx_word' id='word_1_395' title='bbox 1176 4612 1225 4657; x_wconf 88' lang='lat' dir='ltr'>aut</span> <span class='ocrx_word' id='word_1_396' title='bbox 1242 4607 1299 4670; x_wconf 88' lang='lat' dir='ltr'>tyci</span> <span class='ocrx_word' id='word_1_397' title='bbox 1314 4621 1358 4670; x_wconf 78' lang='lat' dir='ltr'>pp,</span> <span class='ocrx_word' id='word_1_398' title='bbox 1379 4604 1461 4668; x_wconf 89' lang='lat' dir='ltr'>auyci</span> 
     </span>
     <span class='ocr_line' id='line_1_44' title="bbox 316 4684 1460 4756; baseline 0.001 -19"><span class='ocrx_word' id='word_1_399' title='bbox 316 4705 339 4737; x_wconf 87' lang='lat' dir='ltr'>v.</span> <span class='ocrx_word' id='word_1_400' title='bbox 363 4684 375 4753; x_wconf 87' lang='grc' dir='ltr'>ΙΙ</span> <span class='ocrx_word' id='word_1_401' title='bbox 398 4690 431 4737; x_wconf 86' lang='grc'>24</span> <span class='ocrx_word' id='word_1_402' title='bbox 449 4693 590 4739; x_wconf 86' lang='lat' dir='ltr'>struantur</span> <span class='ocrx_word' id='word_1_403' title='bbox 607 4697 666 4740; x_wconf 82' lang='lat' dir='ltr'>ante</span> <span class='ocrx_word' id='word_1_404' title='bbox 684 4706 752 4741; x_wconf 83' lang='lat' dir='ltr'>corr.</span> <span class='ocrx_word' id='word_1_405' title='bbox 769 4708 796 4754; x_wconf 87' lang='lat' dir='ltr'>p.</span> <span class='ocrx_word' id='word_1_406' title='bbox 820 4686 831 4755; x_wconf 93' lang='grc' dir='ltr'>ΙΙ</span> <span class='ocrx_word' id='word_1_407' title='bbox 854 4692 887 4740; x_wconf 87' lang='grc'>28</span> <span class='ocrx_word' id='word_1_408' title='bbox 905 4694 947 4738; x_wconf 88' lang='lat' dir='ltr'>cst</span> <span class='ocrx_word' id='word_1_409' title='bbox 964 4705 992 4754; x_wconf 77' lang='lat'>9:</span> <span class='ocrx_word' id='word_1_410' title='bbox 1017 4706 1064 4744; x_wconf 87' lang='lat' dir='ltr'>om.</span> <span class='ocrx_word' id='word_1_411' title='bbox 1082 4708 1124 4754; x_wconf 81' lang='lat' dir='ltr'>cp.</span> <span class='ocrx_word' id='word_1_412' title='bbox 1146 4686 1159 4756; x_wconf 80' lang='grc' dir='ltr'>ΙΙ</span> <span class='ocrx_word' id='word_1_413' title='bbox 1181 4693 1214 4740; x_wconf 88' lang='grc'>29</span> <span class='ocrx_word' id='word_1_414' title='bbox 1233 4690 1291 4742; x_wconf 85' lang='lat' dir='ltr'>sole</span> <span class='ocrx_word' id='word_1_415' title='bbox 1311 4689 1460 4741; x_wconf 90' lang='lat' dir='ltr'>decedente</span> 
     </span>
     <span class='ocr_line' id='line_1_45' title="bbox 317 4771 1210 4848; baseline 0.01 -27"><span class='ocrx_word' id='word_1_416' title='bbox 317 4787 362 4837; x_wconf 83' lang='lat' dir='ltr'>ap:</span> <span class='ocrx_word' id='word_1_417' title='bbox 383 4772 529 4825; x_wconf 86' lang='lat' dir='ltr'>decidente</span> <span class='ocrx_word' id='word_1_418' title='bbox 549 4774 607 4825; x_wconf 85' lang='lat' dir='ltr'>sole</span> <span class='ocrx_word' id='word_1_419' title='bbox 623 4791 649 4841; x_wconf 78' lang='lat' dir='ltr'>p.</span> <span class='ocrx_word' id='word_1_420' title='bbox 673 4771 686 4841; x_wconf 83' lang='grc' dir='ltr'>ΙΙ</span> <span class='ocrx_word' id='word_1_421' title='bbox 709 4779 855 4839; x_wconf 84' lang='lat' dir='ltr'>vaporetur</span> <span class='ocrx_word' id='word_1_422' title='bbox 871 4790 920 4842; x_wconf 79' lang='lat' dir='ltr'>opp</span> <span class='ocrx_word' id='word_1_423' title='bbox 939 4774 997 4836; x_wconf 81' lang='lat' dir='ltr'>(sed</span> <span class='ocrx_word' id='word_1_424' title='bbox 1012 4785 1042 4840; x_wconf 75' lang='lat'>9⁶</span> <span class='ocrx_word' id='word_1_425' title='bbox 1060 4773 1210 4848; x_wconf 72' lang='lat' dir='ltr'>vaporem).</span> 
     </span>
    </p>
   </div>
   <div class='ocr_carea' id='block_1_9' title="bbox 0 0 2002 5825">
    <p class='ocr_par' dir='ltr' id='par_1_17' title="bbox 0 0 2002 5825">
     <span class='ocr_line' id='line_1_46' title="bbox 0 0 2002 5825; baseline 0 0"><span class='ocrx_word' id='word_1_426' title='bbox 0 0 2002 5825; x_wconf 95' lang='lat' dir='ltr'> </span> 
     </span>
    </p>
   </div>
  </div>
 </body>
</html>
