3984 5825
521 645 581 707 114
1012 654 1166 702 vlrauvn

518 822 595 875 sunt
610 811 841 873 consonantiae
856 807 942 889 fieri,
966 809 1025 870 sed
1041 809 1089 870 uti
1112 811 1392 895 suprascriptum
1415 820 1478 891 est,
1502 810 1663 873 diatessa-

518 935 575 975 ron
604 922 636 972 et
664 910 817 995 diapente
845 920 877 971 et
905 931 958 989 ex¹
974 909 1088 972 ordine
1115 909 1157 972 ad
1180 909 1392 996 disdiapason
1415 913 1665 974 convenientiae

517 1036 558 1075 ex
581 1023 697 1074 natura
720 1013 811 1074 vocis
833 1021 1050 1095 congmentes
1072 1010 1194 1074 babent
1215 1011 1395 1093 finitiones,
1419 1014 1502 1074 etei
1526 1035 1663 1076 concen-

515 1125 567 1178 tus
583 1123 793 1200 procreantur
809 1134 851 1174 ex
873 1114 1100 1176 coniunctione
1121 1115 1303 1193 sonituum,
1327 1115 1384 1197 qui
1404 1136 1522 1197 graece
1549 1121 1662 1196 φθογ·

481 1231 569 1298 spos
592 1218 756 1280 dicuntur.

474 1331 497 1378 v
601 1318 652 1383 Ita
680 1340 722 1380 ex
751 1317 802 1380 his
831 1315 1097 1400 indagationibus
1118 1316 1357 1380 mathematicis
1379 1319 1560 1381 rationibus
1583 1317 1663 1380 fiant
1683 1335 1693 1379 1

516 1441 595 1482 vasa
615 1440 711 1481 aerea
739 1440 797 1504 pro
819 1419 945 1482 ratione
967 1418 1202 1502 magnitudinis
1224 1417 1344 1481 theatri
1367 1440 1468 1503 eaque
1491 1420 1537 1482 ita
1558 1418 1661 1480 fabri-

515 1529 629 1584 centur
660 1531 697 1582 ut
729 1542 801 1582 cum
829 1528 1022 1603 tangantur,
1052 1521 1194 1583 sonitum
1223 1519 1331 1582 lacere
1358 1521 1485 1606 possint
1512 1522 1599 1584 inter
1625 1541 1661 1582 se

515 1620 717 1684 diatessaron
750 1620 905 1707 diapente
934 1631 1031 1684 etex
1057 1619 1171 1684 ordine
1201 1619 1244 1682 ad
1270 1619 1492 1707 disdiapason.
1547 1631 1661 1706 postea

464 1739 496 1785 ro
515 1725 601 1786 inter
623 1722 717 1786 sedes
740 1723 859 1787 theatri
882 1724 1069 1786 constitutis
1092 1721 1199 1805 cellis,
1222 1723 1347 1786 ratione
1368 1710 1491 1786 musica
1514 1721 1562 1785 ibi
1585 1744 1660 1784 con-

513 1826 661 1890 locentur
688 1826 736 1888 ita
762 1826 811 1889 uti
838 1823 963 1888 nidluin
989 1826 1147 1911 parietem
1175 1834 1311 1908 tangant
1339 1825 1489 1910 circaque
1517 1823 1662 1887 habeant

513 1926 620 1991 locum
654 1949 793 1990 vacuum
823 1937 856 1991 et
883 1925 926 1989 ab
954 1949 1079 1990 summo
1107 1926 1214 2012 eapite
1241 1927 1400 2012 spatium,
1432 1935 1661 2012 ponanturque

513 2031 646 2093 inversa
661 2039 693 2093 et
714 2028 856 2094 habeant
879 2030 913 2091 in
934 2038 1028 2113 parte
1050 2049 1133 2113 quae
1155 2036 1280 2113 spectat
1301 2027 1344 2090 ad
1366 2048 1517 2091 scaenam
1539 2048 1657 2111 suppo·

512 2134 593 2197 sitos
622 2153 741 2195 euneos
770 2152 811 2192 ne
838 2130 945 2191 minus
967 2127 1050 2191 altos
1073 2128 1255 2215 semipede,
1283 2139 1458 2214 contraque
1480 2149 1535 2191 eas
1559 2126 1658 2189 cellas

463 2249 494 2295 15
512 2233 737 2316 relinquantur
762 2239 934 2315 aperturae
961 2229 1151 2292 inferiorum
1173 2229 1333 2314 graduum
1355 2229 1518 2294 cubilibus
1540 2228 1658 2312 longae

512 2332 611 2418 pedes
639 2330 719 2410 duo,
746 2329 832 2392 altae
859 2329 1070 2414 semipedem.
1127 2331 1370 2416 designationes
1397 2340 1506 2395 autem
1533 2347 1690 2410 eorum,n

511 2433 630 2517 quibus
659 2433 692 2492 in
720 2428 800 2493 locis
829 2432 1081 2511 constituantur,
1111 2433 1160 2495 sie
1187 2433 1401 2520 explicentur.
1451 2433 1480 2495 si
1507 2454 1573 2495 non
1597 2433 1658 2494 erit

509 2530 618 2615 ampla
650 2529 876 2612 magnitudine
903 2531 1082 2612 theatrum,
1112 2533 1220 2597 media
1251 2534 1433 2599 altitudinis
1466 2544 1659 2597 transversa

510 2633 600 2713 regio
628 2629 819 2714 designetur
847 2642 880 2695 et
908 2634 942 2695 in
970 2655 1007 2695 ea
1034 2634 1191 2698 tredecim
1219 2635 1320 2699 cellae
1342 2635 1514 2701 duodecim
1535 2657 1656 2722 aequa-

383 2775 385 2778 ·
459 2748 492 2794 ao
510 2731 596 2794 libus
623 2731 806 2796 intervallis
829 2734 988 2798 distantes
1012 2735 1291 2819 confomieentur‚
1320 2739 1367 2802 uti
1391 2759 1429 2800 ea
1451 2737 1551 2800 eebea
1573 2760 1656 2822 quae

509 2853 606 2918 supra
633 2835 756 2920 scripta
783 2845 859 2899 sunt
887 2837 928 2900 ad
951 2847 1049 2900 neten
1070 2837 1313 2926 hyperbolaeon
1334 2839 1482 2902 sonantia
1504 2840 1539 2901 in
1561 2839 1654 2901 cellis

509 2956 592 3018 quae
614 2947 690 3001 sunt
712 2938 747 3000 in
769 2938 920 3003 cornibus
943 2942 1117 3021 extremis,
1145 2950 1282 3026 utraque
1304 2951 1396 3027 parte
1417 2943 1523 3026 prima
1544 2940 1654 3005 conlo-

509 3045 624 3099 centur
635 3088 644 3120 ,
680 3041 824 3103 secunda
844 3040 887 3104 ab
909 3043 1065 3105 extremis
1088 3041 1290 3106 diatessaron
1312 3042 1355 3105 ad
1377 3052 1474 3105 neten
1496 3043 1654 3126 diezeug-

508 3159 642 3219 menon,
678 3143 777 3204 tertia
804 3142 1006 3213 diatessaron
1034 3142 1076 3205 ad
1104 3165 1308 3229 paramesen,
1343 3154 1459 3229 quarta
1484 3144 1528 3207 ad
1555 3155 1653 3209 neten

579 3314 590 3357 l
609 3300 770 3361 diatessaron
789 3314 829 3361 Hc
847 3312 981 3379 (utsupra
996 3333 1024 3380 p.
1039 3319 1099 3377 113,
1119 3316 1170 3378 17).
1188 3312 1200 3382 ΙΙ
1216 3320 1231 3366 3
1250 3318 1426 3381 congruentis
1446 3318 1507 3379 (ie.
1525 3321 1604 3367 -tes
1617 3318 1652 3383 L)

511 3393 562 3440 GH
580 3393 635 3457 (lc).
651 3390 664 3458 ΙΙ
680 3400 829 3445 concentus
846 3399 916 3448 doe:
936 3404 1087 3449 conventus
1101 3400 1123 3449 G
1135 3398 1190 3463 (le),
1209 3405 1343 3451 coventns
1360 3403 1392 3450 H
1407 3400 1462 3464 (L).
1479 3398 1492 3466 11
1507 3402 1652 3467 tpthongi

508 3476 537 3522 H
550 3473 629 3538 (hle),
648 3479 745 3542 ptongi
758 3480 787 3530 G.
803 3478 815 3544 11
832 3484 847 3530 7
860 3482 901 3530 ita
911 3499 957 3535 om.
973 3484 1002 3533 G.
1017 3481 1109 3548 (suppl.
1131 3484 1185 3548 GC).
1202 3481 1215 3551 ss
1231 3488 1247 3535 9
1260 3486 1431 3536 diatesseron
1445 3484 1531 3548 Gllu'e
1540 3495 1569 3536 at
1581 3488 1653 3549 infra

508 3575 530 3606 o.
545 3561 614 3607 23-
623 3577 652 3623 p.
666 3564 722 3619 115,
735 3561 774 3627 2).
790 3559 804 3629 ss
819 3563 950 3629 diapente
963 3583 996 3615 ex
1008 3568 1060 3617 GH
1070 3566 1109 3630 (et
1118 3570 1178 3618 add.
1193 3568 1330 3634 Boudaia).
1345 3567 1359 3636 ΙΙ
1375 3573 1407 3620 13
1414 3578 1477 3635 post
1486 3575 1515 3620 et
1526 3570 1653 3621 habeant

509 3658 600 3692 errore
624 3648 691 3695 omiti
711 3649 747 3696 ad
767 3651 946 3710 praecedentis
968 3654 1094 3701 enuntiati
1114 3655 1220 3718 aequale
1242 3655 1338 3704 initian
1359 3654 1482 3704 habeant
1499 3660 1652 3707 revertente

508 3734 659 3789 repetuntur
675 3730 753 3779 amba
770 3731 1035 3785 locum-habeant
1052 3739 1079 3785 in
1096 3738 1126 3785 ll
1143 3737 1210 3799 (item
1227 3740 1253 3787 in
1271 3740 1327 3797 LIe,
1345 3746 1374 3788 at
1390 3756 1441 3789 non
1461 3742 1488 3788 in
1512 3740 1545 3798 G,
1569 3758 1651 3807 neque

508 3818 599 3860 extent
617 3815 642 3861 ia
660 3814 688 3873 h,
706 3816 782 3864 sicali
798 3818 865 3867 linea
881 3819 1005 3869 subducta
1020 3821 1096 3884 prior
1117 3824 1187 3871 locres
1209 3839 1225 3870 a
1241 3830 1387 3874 conectere
1403 3826 1504 3873 deletur
1525 3827 1553 3875 ta
1569 3824 1620 3890 H).
1636 3822 1648 3889 ΙΙ

510 3896 541 3943 14
559 3896 678 3947 niminns
697 3900 719 3949 G
736 3897 796 3963 (sed
811 3902 866 3965 ipse
884 3903 973 3967 cora).
989 3901 1003 3969 ΙΙ
1020 3906 1051 3955 15
1069 3894 1226 3955 interiordm
1244 3908 1273 3956 H
1292 3905 1396 3969 (-.rnm
1413 3908 1481 3971 Lte).
1504 3904 1517 3972 {l
1541 3909 1649 3973 gradun

509 3979 543 4027 G:
562 3982 693 4044 gradibus
712 3985 741 4032 H
758 3981 838 4047 (see).
862 3983 874 4052 ΙΙ
898 3990 928 4035 16
947 3988 1013 4039 duo:
1032 3992 1069 4039 sic
1088 3990 1146 4043 GH.
1170 3986 1182 4055 ΙΙ
1205 3992 1373 4056 semipedem
1389 3992 1460 4044 doe:
1484 3992 1552 4042 -de
1571 3991 1650 4058 (-de

509 4060 541 4125 G)
561 4065 612 4113 GH
630 4066 764 4131 (utsupra
781 4086 803 4119 v.
823 4070 877 4132 11),
901 4068 913 4132 ΙΙ
936 4089 1042 4122 eorum:
1060 4076 1098 4123 sie
1117 4075 1175 4123 GH.
1199 4072 1211 4140 ΙΙ
1234 4078 1266 4127 18
1284 4076 1376 4125 media
1399 4073 1427 4137 (i,
1446 4092 1468 4125 e.
1487 4076 1591 4139 media)
1610 4076 1650 4126 al-

507 4146 646 4198 titudinis:
664 4154 702 4200 ric
722 4152 781 4203 GH.
804 4150 816 4219 ΙΙ
839 4157 872 4204 20
891 4172 925 4204 ea
944 4158 1031 4207 echea
1048 4158 1119 4209 doe:
1139 4173 1190 4208 eae
1209 4160 1277 4209 echo
1297 4159 1348 4209 GH
1366 4158 1429 4222 (hae
1448 4158 1516 4210 echo
1533 4162 1566 4210 eh
1585 4156 1649 4226 [oft

506 4246 560 4296 hae
577 4249 746 4301 tho=etho
764 4258 780 4311 1,
800 4270 833 4305 ea
851 4256 918 4305 echo
937 4257 983 4320 L).
1007 4254 1019 4323 ss
1041 4260 1073 4307 21
1093 4258 1127 4307 ad
1146 4259 1247 4309 nethen
1266 4260 1288 4309 6
1305 4244 1417 4323 (-tben
1436 4262 1478 4324 GC,
1496 4267 1580 4313 —ten
1594 4263 1650 4325 h⁶):

507 4330 641 4382 adnetent
652 4336 682 4383 H
694 4334 839 4402 (adnotent
850 4356 864 4388 e
876 4348 902 4389 et
910 4347 971 4389 ante
982 4357 1035 4391 ras.
1048 4342 1073 4399 h,
1087 4342 1223 4392 adneeent
1233 4343 1285 4403 LI).
1302 4340 1314 4408 ll
1330 4348 1459 4395 sonantia
1472 4348 1506 4396 G:
1520 4348 1651 4396 senentis

506 4416 534 4463 H
545 4416 631 4481 thiel..
642 4414 654 4482 ΙΙ
671 4421 704 4470 23
717 4422 752 4470 ad
764 4428 849 4473 neten
861 4423 1075 4489 diezeugmenon
1092 4427 1161 4476 doe:
1182 4427 1217 4477 ad
1234 4428 1336 4477 netben
1354 4414 1469 4491 (nethen
1494 4431 1540 4488 6⁶,
1563 4435 1648 4495 neten

506 4500 544 4560 H)
562 4502 761 4565 synhemmenu
781 4507 838 4558 GH.
861 4505 874 4572 ΙΙ
901 4511 933 4557 24
956 4509 992 4557 ad
1011 4524 1173 4572 paramesen
1191 4512 1313 4561 Parmae
1334 4511 1480 4576 (Meiborn):
1505 4515 1647 4565 adnethen

504 4585 617 4663 (—then
637 4604 683 4667 Ge)
702 4606 737 4653 ad
755 4622 918 4668 paramesen
937 4611 988 4658 GH
1006 4611 1049 4672 (L,
1069 4610 1207 4661 adnethen
1227 4612 1261 4662 ad
1278 4629 1478 4679 paramenesen
1495 4615 1555 4678 leli).
1568 4614 1581 4679 tl
1597 4617 1649 4665 ad·

504 4692 586 4733 neten
604 4687 765 4737 sinhemeuu
784 4691 817 4745 G,
842 4692 877 4740 ad
901 4693 1003 4741 nethen
1028 4696 1071 4741 siu
1090 4694 1231 4745 hemmenu
1256 4698 1282 4744 H
1306 4697 1353 4761 (L,
1372 4700 1410 4748 sis
1429 4700 1547 4748 hemenn
1567 4703 1588 4763 l,
1608 4702 1647 4749 sis
