3984 5825
759 640 806 685 nn
830 637 1095 686 assumserunt
1119 638 1187 683 me.
1212 638 1245 682 x.
1511 619 1573 682 249

429 793 623 856 traiciuntur
651 815 693 855 ex
723 793 877 856 interiore
911 801 1003 878 parte
1037 813 1093 876 per
1121 791 1189 853 eius
1223 788 1385 853 orbiculos
1419 811 1571 852 summos.

431 893 550 957 deinde
572 894 757 958 referuntur
778 894 821 957 ad
851 894 1050 979 superiorem
1079 890 1231 967 trocleam
1255 901 1286 954 et
1313 890 1508 954 traiciuntur
1529 889 1571 951 ab

401 997 592 1059 aexteriore
620 1006 711 1082 parte
739 997 774 1058 in
801 995 989 1059 interiorem
1017 1016 1075 1080 per
1098 992 1259 1057 orbiculos
1283 993 1375 1055 imos.
1420 1013 1493 1053 oum
1516 991 1570 1053 de-

431 1097 617 1160 scenderint
649 1096 690 1159 ad
725 1098 842 1178 imum,
877 1118 919 1158 ex
952 1087 1106 1159 interiore
1139 1104 1230 1180 parte
1262 1103 1293 1156 et
1327 1116 1385 1179 per
1413 1091 1571 1156 secundos

430 1197 592 1263 orbiculos
614 1197 828 1262 traducuntur
849 1199 883 1260 in
906 1211 1087 1260 extremum
1104 1206 1135 1258 et
1156 1196 1341 1259 referuntur
1364 1196 1396 1257 in
1411 1217 1572 1258 summum
1591 1208 1623 1255 5·

415 1289 470 1362 'ad
497 1297 660 1364 orbiculos
689 1299 864 1381 secundos,
894 1300 1022 1362 traiecti
1050 1297 1186 1361 redeunt
1213 1298 1255 1360 ad
1289 1299 1404 1379 imum,
1437 1319 1479 1361 ex
1507 1298 1572 1360 imo

432 1401 613 1465 referuntur
634 1401 677 1464 ad
700 1410 812 1486 caput,
837 1400 965 1463 traiecti
987 1421 1046 1486 per
1062 1423 1203 1464 summos
1225 1400 1363 1463 redeunt
1385 1399 1427 1462 ad
1449 1398 1571 1462 machi·

434 1525 502 1565 nam
525 1503 633 1566 imam.
678 1504 712 1566 in
733 1502 843 1565 radice
865 1510 974 1564 autem
996 1500 1166 1565 machinae
1181 1500 1366 1566 conlocatur
1388 1501 1485 1564 tertia
1507 1509 1572 1563 tro-

435 1604 507 1667 clea.
554 1626 625 1666 eam
645 1613 755 1667 autem
770 1602 890 1668 Graeci
914 1624 1097 1685 επαγοντα,
1121 1605 1225 1667 nostri
1246 1613 1444 1666 artemonem
1460 1600 1570 1687 appel-

436 1703 505 1768 lant.
563 1727 600 1768 ea
630 1704 752 1769 troclea
790 1704 948 1789 religatur
985 1704 1028 1767 ad
1061 1704 1230 1768 machinae
1268 1705 1412 1768 radicem
1446 1702 1569 1766 habens
1591 1717 1622 1762 to

437 1807 590 1871 orbiculos
613 1816 696 1887 tres,
725 1830 783 1893 per
804 1830 885 1892 quos
914 1807 1044 1870 traiecti
1066 1805 1159 1869 funes
1184 1805 1361 1868 traduntur.
1383 1804 1569 1869 hominibus

437 1908 683 1971 adducendum.
721 1911 768 1973 ita
790 1919 855 1972 tres
872 1907 1002 1972 ordines
1019 1908 1184 2001 hominum
1201 1908 1355 1970 ducentes
1372 1908 1443 1970 sine
1459 1916 1571 1990 ergata

404 2021 425 2068 lo
438 2009 579 2073 celeriter
601 2033 680 2075 onus
703 2011 746 2073 ad
769 2033 929 2073 summum
951 2009 1143 2095 perduormt.
1194 2009 1255 2073 hoc
1276 2018 1379 2094 genus
1402 2008 1570 2072 machinae

438 2110 641 2198 polyspaston
661 2111 859 2199 appellatur,
877 2110 976 2197 *qnod
1000 2109 1110 2174 multis
1133 2110 1352 2175 orbiculorum
1375 2111 1569 2173 circumitio-

436 2212 524 2276 nibus
554 2223 586 2277 et
602 2213 806 2277 ,facilitatem
834 2236 992 2277 summam
1020 2223 1163 2298 praestat
1193 2223 1224 2276 et
1252 2212 1462 2276 celeritatem.
1506 2225 1621 2274 una15

434 2323 535 2378 autem
557 2317 690 2379 statutio
718 2316 802 2399 tigni
828 2315 911 2378 hanc
939 2314 1038 2378 habet
1059 2313 1234 2378 utilitatem
1258 2314 1344 2400 quod
1373 2323 1449 2390 ante
1471 2335 1568 2398 quan-

433 2422 495 2478 tum
523 2414 604 2480 velit
632 2439 649 2479 e
676 2415 793 2481 dextra
820 2439 857 2480 ac
886 2418 1019 2480 sinistra
1047 2416 1089 2480 ab
1121 2416 1222 2480 latere
1249 2415 1460 2503 proclinando
1489 2439 1569 2480 onus

433 2515 589 2604 deponere
610 2527 728 2603 potest.

513 2619 637 2683 Harum
660 2620 936 2684 machinationum
958 2621 1102 2685 omnium
1119 2643 1202 2706 quae
1218 2644 1315 2707 supra
1331 2631 1406 2685 sunt
1430 2623 1569 2707 scriptae

428 2722 568 2784 rationes
601 2743 667 2785 non
701 2721 797 2785 modo
830 2721 873 2784 ad
907 2721 966 2785 has
999 2744 1050 2784 res
1086 2722 1144 2784 sed
1177 2723 1275 2784 etiarn
1308 2722 1349 2784 ad
1382 2723 1568 2785 'onerandas
1588 2736 1620 2783 ‘to

429 2831 461 2885 et
492 2823 716 2887 exonerandas
738 2845 851 2898 ,naves
888 2832 966 2897 ¹sunt
999 2833 1145 2908 paratae,
1186 2821 1270 2885 aliae
1304 2833 1444 2902 erectae,
1484 2822 1568 2887 aliae

427 2924 541 3010 planae
573 2926 608 2988 in
647 2926 821 2989 carchesiis
858 2923 1069 2988 versatilibus
1108 2916 1323 2989 conlocatae‘
1361 2947 1426 2988 non
1461 2927 1568 3005 minus

428 3026 496 3088 sine
530 3027 693 3110 tignorum
726 3026 945 3092 erectionibus
978 3028 1013 3089 in
1045 3025 1141 3112 plano
1175 3029 1272 3089 etiam
1302 3025 1413 3089 eadem
1443 3027 1568 3090 ratione

429 3137 459 3189 et
485 3129 672 3215 temperatis
702 3128 836 3191 funibus
865 3138 897 3191 et
924 3127 1054 3192 trocleis
1084 3127 1314 3192 subductiones
1342 3128 1474 3190 navium
1498 3128 1567 3190 eth-

430 3228 568 3293 ciuntur
710 3273 717 3286 ·
949 3235 961 3259 ⁰
1181 3261 1206 3276 ‘·
1581 3256 1619 3303 v⁴25

364 3326 398 3381 ί1
510 3329 583 3392 Nori
607 3339 656 3394 est
677 3340 786 3394 autem
808 3330 950 3417 alienum
972 3333 1069 3394 etiarn
1086 3331 1343 3419 Chersiphronos
1365 3332 1569 3415 ingeniosam
1581 3347 1619 3396 VI

428 3431 584 3494 rationem
607 3453 779 3518 exponere.
824 3434 851 3496 is
868 3434 953 3496 enim
975 3455 1089 3520 scapos
1106 3432 1360 3505 columnarume
1382 3433 1568 3520 lapidicinis

429 3553 499 3594 eum
515 3532 686 3617 deportare
700 3532 800 3598 vellet
823 3534 946 3620 Ephesi
968 3533 1010 3597 ad
1033 3534 1160 3597 Dianae
1180 3535 1308 3618 fanum,
1333 3546 1465 3624 propter
1479 3560 1568 3621 mag-

429 3738 654 3748 ———.—.-.—

492 3856 562 3906 aad
581 3858 717 3908 exteriore
735 3859 772 3910 H.
793 3856 805 3925 ll
828 3862 843 3910 3
862 3860 1055 3910 descenderint
1072 3862 1113 3909 Hc
1141 3860 1186 3924 (lc,
1206 3861 1391 3911 discenderint
1409 3862 1443 3918 L,
1467 3865 1514 3911 sect
1533 3864 1568 3910 Ι]

429 3939 642 4005 descenderint),
661 3943 859 3993 descenderent
880 3944 931 3994 GH
948 3944 1007 4009 (sed
1020 3946 1053 3995 G⁶
1071 3944 1286 4008 discenderant),
1307 3941 1319 4009 ss
1342 3946 1357 3992 4
1376 3946 1457 3993 imum
1477 3963 1510 3995 ex
1530 3946 1567 3993 in-

430 4025 616 4077 tancredae:
641 4028 696 4077 imr'l
715 4029 850 4078 exteriore
870 4025 1030 4091 (ex!teriore
1052 4030 1083 4091 G)
1105 4029 1162 4078 GH.
1187 4025 1199 4095 [l
1222 4032 1237 4078 5
1257 4028 1284 4076 in
1303 4031 1437 4078 extremit:
1461 4032 1497 4078 stc
1517 4030 1568 4079 GH

431 4107 466 4170 (in
484 4111 648 4161 exteriorem
664 4110 741 4172 doe).
765 4108 777 4177 ll
800 4114 815 4160 6
835 4129 867 4162 ex
888 4114 940 4163 imo
959 4114 1028 4163 doc:
1053 4111 1165 4177 &pimo
1184 4114 1212 4161 H
1232 4112 1328 4177 (primo
1347 4110 1415 4178 Hc),
1435 4117 1463 4162 et
1481 4114 1566 4178 primo

431 4193 457 4241 G.
479 4191 491 4261 ΙΙ
513 4197 528 4244 7
548 4199 632 4259 caput
649 4196 773 4245 traiecti:
801 4198 838 4245 sie
858 4197 915 4248 GH.
937 4194 948 4263 l}
971 4198 987 4246 8
1007 4196 1178 4247 collocantur
1204 4204 1264 4247 ente
1286 4213 1354 4247 corr.
1376 4197 1404 4249 G.
1430 4194 1441 4262 ΙΙ
1464 4200 1479 4246 9
1504 4214 1567 4262 epa-

431 4282 511 4340 gonta
535 4279 595 4330 GH.
619 4275 631 4345 ll
659 4282 690 4329 10
714 4281 749 4330 ad
771 4281 915 4330 machinae
937 4284 1006 4332 doe:
1031 4282 1188 4332 adtrocleae
1209 4282 1267 4333 GH.
1297 4277 1308 4346 ll
1337 4283 1367 4330 14
1390 4281 1568 4346 polyspaston

431 4361 495 4411 doc:
513 4362 692 4429 polyspasiou
711 4366 769 4418 GH.
791 4361 803 4430 ll
827 4368 858 4415 17
877 4384 891 4415 e
910 4383 969 4430 epo:
994 4367 1018 4415 a
1039 4363 1078 4428 (et
1098 4365 1129 4428 G)
1151 4367 1208 4415 GH.
1232 4361 1243 4432 [l
1269 4365 1363 4415 dextre
1383 4368 1414 4414 lc.
1437 4363 1448 4430 ΙΙ
1473 4366 1567 4414 abla-

433 4448 496 4494 tere:
527 4447 650 4498 adlatere
672 4450 723 4499 GH
745 4448 806 4512 (Lc,
826 4449 930 4500 alatere
948 4454 982 4507 lc,
1003 4450 1127 4500 adlatera
1147 4443 1181 4499 0⁶
1198 4458 1223 4498 et
1241 4457 1299 4499 ante
1318 4467 1386 4502 corr.
1405 4449 1447 4514 L).
1472 4447 1483 4515 ll
1506 4466 1566 4513 pro·

435 4526 569 4580 elinando:
588 4537 626 4581 eie
646 4533 703 4582 GH.
724 4531 736 4600 ΙΙ
760 4535 792 4583 22
811 4535 950 4585 carchesis
968 4536 997 4583 Il
1016 4534 1062 4597 (L,
1082 4533 1207 4583 caehesis
1226 4537 1267 4597 le),
1289 4534 1425 4584 carthesia
1446 4534 1475 4583 G.
1500 4529 1511 4598 ll
1534 4536 1566 4581 26

437 4608 644 4677 Chersiphronos
673 4617 761 4678 (—nis
788 4618 942 4681 Turnebus):
972 4618 1162 4682 crestiphonos
1187 4619 1245 4675 GH.
1273 4616 1284 4684 {l
1311 4621 1344 4668 27
1367 4619 1390 4667 is
1415 4618 1449 4668 G:
1478 4618 1520 4666 his
1540 4618 1567 4665 H

439 4690 511 4759 (tle).
531 4693 544 4761 11
566 4699 750 4766 elapidieinis:
768 4704 806 4752 sic
825 4703 883 4753 GH.
908 4700 920 4769 ΙΙ
942 4706 975 4754 28
994 4702 1101 4768 ephesi:
1121 4704 1158 4751 sic
1177 4701 1235 4756 GH.
