3984 5825
688 691 735 738 na
758 690 1026 738 nncurrnoruun
1050 691 1118 738 mn.
1143 692 1191 737 vr.
1451 675 1511 738 139

364 845 673 911 ratiocinationibus
697 843 863 931 explicati,
886 854 955 908 tum
978 845 1077 908 etiam
1099 845 1258 907 acuminis
1282 854 1331 908 est
1346 845 1511 931 proprium

365 948 543 1036 providere
563 948 607 1011 ad
627 956 778 1010 naturam
800 945 863 1011 loci
884 955 940 1010 aut
955 968 1050 1009 usum
1064 956 1121 1009 aut
1135 948 1277 1031 speciem
1293 956 1324 1010 et
1339 946 1512 1010 detractio·

364 1050 466 1114 nibus
488 1058 545 1114 aut
566 1047 805 1112 adiectionibus
835 1056 1070 1134 temperaturas
1094 1047 1222 1111 efficere
1228 1097 1237 1131 ,
1266 1071 1340 1111 cum
1361 1048 1403 1112 de
1425 1070 1510 1134 sym-

365 1153 486 1215 metria
509 1152 553 1215 sit
575 1149 758 1214 detractum
779 1159 837 1213 aut
858 1148 1034 1232 adiectum,
1057 1151 1107 1213 uti
1121 1148 1156 1212 id
1172 1148 1324 1214 videatur
1338 1159 1426 1213 recte
1442 1170 1512 1213 esse

329 1253 545 1318 aformatum
578 1253 613 1316 in
645 1261 843 1339 aspectuque
876 1249 960 1314 nihil
993 1250 1207 1317 desideretur.
1258 1251 1323 1314 alia
1356 1253 1443 1314 euim
1469 1251 1546 1314 adt

366 1377 499 1418 manum
522 1355 647 1439 species
671 1375 743 1418 esse
764 1353 912 1434 videtur,
940 1351 1006 1416 alia
1028 1355 1063 1416 in
1086 1351 1231 1435 excelso,
1253 1375 1320 1418 non
1342 1352 1456 1416 eadem
1478 1354 1513 1415 in

367 1455 538 1535 concluso,
567 1454 736 1519 dissimilis
763 1457 799 1518 in
824 1463 954 1540 aperto,
982 1454 1158 1540 inquibus
1188 1456 1299 1539 magni
1326 1454 1442 1519 iudicii
1464 1463 1513 1518 est

366 1578 466 1645 opera
488 1555 568 1644 quid
589 1556 721 1620 tandem
744 1557 787 1620 sit
808 1554 1009 1619 faciundum.
1052 1578 1118 1621 non
1147 1557 1232 1619 enim
1260 1577 1354 1620 veros
1382 1555 1514 1619 videtur

366 1658 488 1723 habere
509 1660 601 1722 visus
624 1657 769 1740 effectus,
792 1657 851 1721 sed
871 1657 997 1721 fallitur
1019 1659 1148 1746 saepius
1164 1657 1285 1723 iudicio
1300 1657 1342 1722 ab
1358 1679 1395 1721 eo
1409 1679 1512 1720 mens.

369 1759 645 1847 quemadmodum
668 1761 767 1824 etiam
788 1761 824 1823 in
846 1760 973 1824 scaenis
995 1761 1091 1846 pictis
1115 1759 1270 1824 videntur
1292 1758 1512 1823 columnarum
1533 1773 1563 1820 10

368 1864 590 1949 proiecturae,
618 1860 815 1925 mutulorum
844 1861 1019 1948 ecphorae,
1049 1863 1215 1947 signorum
1242 1862 1366 1945 figurae
1393 1861 1512 1946 promi-

368 1974 495 2044 nentes,
520 1985 594 2028 cum
610 1963 654 2027 sit
668 1961 780 2027 tabula
794 1963 866 2026 sine
883 1962 982 2027 dubio
997 1962 1040 2026 ad
1054 1961 1202 2047 regulam
1217 1957 1333 2050 plana}
1362 1962 1514 2026 similiter

367 2067 403 2129 in
423 2063 565 2128 navibus
586 2066 670 2128 remi
692 2087 765 2130 curn
787 2066 854 2129 sint
876 2064 937 2129 sub
958 2086 1044 2149 aqua
1065 2062 1192 2146 directi,
1215 2074 1324 2128 tamen
1346 2063 1447 2128 oculis
1463 2066 1511 2127 in-

367 2166 465 2230 fracti
487 2165 658 2250 videntur,
687 2177 719 2232 et
742 2177 901 2254 quatenus
925 2189 1035 2231 eorum
1063 2175 1171 2255 partes
1193 2176 1333 2252 tangunt
1355 2188 1513 2230 summam

368 2267 541 2355 planitiem
562 2267 714 2354 liquoris,
740 2277 901 2356 apparent
922 2270 971 2333 uti
993 2278 1069 2332 sunt
1091 2267 1223 2348 directi,
1256 2291 1329 2334 cum
1350 2290 1429 2332 vero
1451 2268 1513 2332 sub
1533 2281 1564 2331 15

368 2392 454 2456 aqua
476 2379 554 2434 sunt
574 2368 726 2452 demissi,
754 2391 813 2456 per
834 2380 969 2434 naturae
991 2369 1193 2457 perlucidam
1214 2372 1382 2435 raritatem
1402 2371 1513 2434 remit-

369 2481 443 2538 tunt
465 2479 635 2536 enatantes
656 2471 699 2535 ab
722 2475 790 2536 suis
813 2472 1004 2559 corporibus
1027 2472 1164 2536 fluentes
1187 2473 1346 2557 imagines
1368 2472 1412 2535 ad
1427 2496 1512 2536 sum-

367 2596 455 2638 mam
468 2595 574 2660 aquae
589 2574 758 2660 planitiem
778 2585 876 2661 atque
891 2596 947 2637 eae
962 2574 1010 2638 ibi
1025 2584 1203 2639 commotae
1218 2575 1346 2638 efficere
1360 2574 1515 2639 videntur

332 2676 546 2742 ainfractum
566 2697 728 2740 remorum
756 2675 858 2741 oculis
885 2684 1062 2762 aspectum.
1107 2676 1168 2741 hoc
1188 2663 1299 2740 autem
1321 2678 1392 2740 sive
1415 2678 1512 2740 simu-

368 2776 531 2842 lacrorum
562 2778 696 2865 inpulsu
729 2800 788 2843 seu
818 2777 984 2843 radiorum
1019 2799 1061 2840 ex
1095 2777 1196 2841 oculis
1225 2778 1436 2842 effusionibus
1464 2780 1513 2842 uti
1532 2782 1578 2839 20'
1621 2847 1625 2856 .

360 2879 516 2968 'physicis
539 2878 646 2968 placet
669 2879 830 2963 videmus,
851 2889 989 2966 utraque
1011 2880 1138 2944 ratione
1159 2877 1290 2944 videtur
1305 2881 1352 2944 ita
1373 2901 1444 2945 esse
1465 2881 1514 2944 uti

332 3002 350 3049 4
368 2980 453 3046 falsa
474 2982 598 3047 iudicia
619 2982 785 3047 oculorum
805 2983 923 3046 habeat
945 2990 1108 3068 aspectus.
1148 3004 1221 3058 cum
1244 3002 1321 3065 ergo
1341 3003 1424 3067 quae
1438 2992 1515 3045 sunt

368 3105 450 3147 vera
471 3083 557 3148 falsa
578 3085 754 3149 videantur
775 3093 808 3148 et
828 3082 983 3148 nonnulla
1005 3084 1100 3147 aliter
1121 3105 1218 3168 quam
1233 3092 1309 3146 sunt
1323 3081 1425 3147 oculis
1440 3105 1513 3168 pro-

367 3188 499 3268 bentur,
522 3208 588 3251 non
609 3196 688 3274 puto
710 3196 858 3273 oportere
881 3208 953 3249 esse
975 3185 1111 3249 dubium
1133 3186 1212 3271 quin
1234 3184 1277 3248 ad
1299 3184 1442 3249 locorum
1457 3206 1513 3247 na-

367 3297 461 3351 turas
489 3297 547 3352 aut
572 3290 785 3353 necessitates
815 3286 1034 3353 detractiones
1062 3297 1118 3352 aut
1144 3288 1344 3351 adiectiones
1366 3285 1438 3350 fieri
1458 3286 1512 3349 de·
1531 3300 1564 3350 25
1622 3307 1625 3314 ·

368 3387 486 3470 beant,
514 3388 574 3453 sed
600 3391 646 3455 ita
674 3392 725 3455 uti
751 3388 834 3453 nihil
861 3390 897 3452 in
923 3389 974 3454 his
998 3389 1150 3477 operibus
1174 3389 1390 3453 desideretur.
1433 3388 1514 3452 haec

367 3499 479 3553 autem
512 3492 610 3554 etiam
641 3493 847 3577 ingeniorum
883 3490 1088 3555 acuminibus
1121 3514 1187 3556 non
1219 3490 1323 3555 solum
1357 3491 1514 3555 doctrinis

330 3613 347 3661 5
369 3591 569 3655 efficiuntur.
604 3594 707 3677 igitur
728 3592 900 3663 statuenda
920 3603 970 3657 est
984 3593 1125 3679 primum
1140 3594 1222 3659 ratio
1238 3596 1513 3681 symmetriarum,

367 3716 389 3780 a
419 3715 484 3779 qua
516 3703 662 3759 sumatur
695 3695 765 3758 sine
795 3695 999 3760 dubitatione
1031 3696 1250 3760 commutatio.
1309 3695 1429 3760 deinde
1457 3719 1513 3759 ex-

367 3794 511 3881 plicetur
541 3796 649 3882 operis
682 3795 785 3859 futuri
819 3796 962 3862 locorum
989 3798 1091 3862 imum
1124 3798 1265 3884 spatium
1298 3796 1512 3882 longitudinis
1531 3810 1564 3858 30

439 3972 453 4020 1
472 3972 531 4020 turn
541 3969 592 4019 GH
604 3968 671 4033 (Llc,
685 3973 751 4018 tunc
769 3968 804 4031 le).
822 3966 864 4035 lli!
884 3978 911 4021 et
924 3970 1145 4021 detractionibus
1157 3970 1203 4021 vel
1216 3968 1273 4035 (epo
1288 3968 1347 4033 aut)
1366 3971 1426 4019 add.
1439 3971 1511 4019 doc:

369 4071 417 4107 om.
432 4054 485 4105 GH
497 4052 630 4119 (speciem
643 4052 865 4116 adiectionibus).
882 4050 895 4120 ΙΙ
911 4058 927 4105 3
946 4054 1080 4105 efficere.
1095 4071 1154 4105 cum
1169 4094 1175 4106 .
1189 4092 1195 4104 .
1209 4094 1216 4106 .
1231 4053 1390 4104 adiectum.
1404 4054 1458 4102 uti:
1476 4054 1514 4102 sio

371 4140 431 4190 GH.
456 4135 470 4205 ss
490 4140 506 4189 8
524 4138 561 4188 sit
578 4138 749 4190 faciundum:
767 4140 806 4189 sio
824 4139 875 4188 GH
893 4136 973 4202 (Llc).
996 4136 1009 4206 ΙΙ
1033 4141 1064 4189 10
1083 4139 1173 4204 scenis
1193 4138 1214 4187 G
1233 4135 1352 4200 (scaenis
1370 4136 1419 4201 L)=
1451 4153 1513 4187 cae·

368 4224 415 4273 nis
432 4224 462 4272 H
480 4220 530 4287 (cl,
549 4224 626 4288 cenis
643 4225 673 4287 l).
694 4220 707 4290 ΙΙ
730 4226 760 4273 11
781 4223 898 4290 ecphore
918 4226 951 4274 (1¹2
972 4224 1107 4289 esphorae
1127 4223 1155 4271 H
1173 4220 1319 4301 (saphore
1337 4223 1373 4280 L,
1398 4222 1512 4287 esphore

368 4326 410 4387 ch,
429 4323 611 4389 capherei).
634 4320 646 4390 ΙΙ
671 4327 702 4376 16
720 4324 836 4389 liquoris
855 4326 877 4375 G
895 4323 955 4389 (L):
983 4325 1104 4388 liquores
1122 4324 1151 4372 H
1170 4320 1223 4386 (lc).
1248 4319 1259 4388 ΙΙ
1288 4324 1319 4372 16
1337 4324 1443 4373 dimissi
1463 4324 1513 4373 GH

370 4406 453 4475 (Ltc).
475 4403 490 4474 [1
512 4409 544 4459 18
562 4424 613 4459 cae
632 4411 660 4457 H
679 4407 739 4472 (L):
757 4410 811 4460 hae
831 4409 932 4472 [1101).
955 4425 1044 4472 aquae
1068 4407 1128 4473 (pro
1148 4413 1230 4471 atque
1250 4407 1311 4474 eae)
1331 4411 1346 4459 l.
1369 4405 1381 4473 Η
1404 4410 1435 4457 19
1453 4409 1511 4458 siue

371 4494 399 4541 H
418 4492 504 4556 (Llo):
532 4496 592 4543 sine
612 4493 641 4543 G.
665 4490 678 4559 ΙΙ
699 4497 866 4560 aratroque
890 4496 997 4544 ratione
1015 4494 1085 4545 Joe:
1113 4496 1257 4556 utramque
1280 4493 1416 4542 rationem
1436 4488 1513 4554 (—ne

372 4576 405 4639 G)
425 4576 485 4631 GH.
509 4573 576 4650 1124
594 4578 661 4642 quin
684 4580 717 4630 6:
737 4594 820 4643 quam
837 4581 867 4629 H
884 4581 947 4643 (qua
964 4579 1026 4636 Lu,
1047 4595 1068 4639 q
1084 4580 1101 4628 1.
1120 4592 1143 4628 e.
1162 4577 1233 4639 quod
1251 4577 1286 4640 c).
1310 4575 1323 4644 ll
1344 4580 1376 4627 29
1394 4593 1467 4642 aqua
1485 4578 1513 4625 H

373 4658 493 4724 (octub
512 4676 582 4729 eque
601 4664 632 4716 G.
655 4658 668 4729 ΙΙ
692 4666 882 4714 commutatio:
905 4665 943 4713 sie
962 4663 1013 4712 GH
1037 4661 1074 4725 (ut
1090 4679 1116 4726 p.
1134 4665 1175 4725 90,
1194 4665 1229 4712 24
1247 4669 1274 4712 et
1290 4666 1351 4722 105,
1370 4661 1425 4729 29).
1446 4660 1458 4732 ΙΙ
1481 4666 1514 4716 30

371 4743 459 4795 futuri
476 4744 611 4795 locorum:
629 4747 667 4796 sie
686 4747 736 4796 GH
754 4745 834 4811 (Δία).
853 4745 864 4815 Η
886 4748 968 4800 imum
986 4749 1041 4800 ert:
1061 4762 1142 4800 unum
1164 4748 1214 4797 GH
1231 4747 1311 4821 (hle).
