3984 5825
636 421 682 467 nn
702 420 970 471 saefflrnoruus
994 424 1062 471 mn.
1087 427 1133 473 ιν.
1399 417 1442 481 85

242 572 541 639 ³nstituerunt
569 581 601 637 et
629 596 786 638 summam
815 577 944 663 imperii
972 587 1166 663 potestatem
1194 581 1266 644 Ioni
1290 582 1395 663 Xuthi
1418 597 1450 650 et

242 645 446 777 ll:Qussae
480 674 547 740 filio
576 675 753 760 dederunt,
788 700 882 763 quem
908 680 1009 743 etiam
1038 678 1156 766 Apollo
1189 679 1328 768 Delphis
1355 708 1449 750 suum

242 746 405 840 [llum
419 778 455 843 in
470 778 634 864 responsis
658 788 708 842 est
730 778 907 864 professus,
931 781 1024 866 isque
1040 803 1094 845 eas
1111 779 1252 846 colonias
1275 786 1310 848 in
1333 786 1447 851 Asiam

258 864 441 963 §duxit
470 889 502 944 et
525 879 641 944 Cariae
668 879 749 944 fines
778 882 951 966 occupavit
979 881 1090 968 ibique
1112 884 1263 948 civitates
1285 886 1447 973 amplissi-

242 962 349 1036 ΜΒ
399 983 569 1047 constituit
597 981 782 1068 Ephesum,
810 982 976 1066 Miletum,
1006 983 1160 1071 Myunta,
1192 1007 1273 1071 quae
1300 985 1377 1051 olim
1405 989 1481 1055 abs

242 1060 381 1151 ’qua
414 1092 462 1147 est
485 1083 660 1164 devorata,
691 1085 782 1148 cuius
805 1105 898 1146 sacra
920 1093 952 1149 et
974 1085 1165 1170 suffragium
1187 1085 1446 1161 Milesiislones

242 1160 536 1269 *ttribuerunu
569 1184 724 1267 Prienen,
763 1183 912 1268 Samum,
946 1185 1053 1270 Teon,
1084 1186 1287 1275 Colophona,
1317 1190 1445 1275 Chium,

248 1240 480 1370 Qtythras,
497 1285 693 1370 Phocaeam,
718 1285 946 1369 Clazomenas,
969 1287 1142 1371 Lebedon,
1166 1288 1445 1356 Meliten—haec

321 1378 415 1453 §lite
441 1397 575 1476 propter
602 1389 724 1451 civium
751 1386 976 1473 adrogantiam
1004 1388 1046 1452 ab
1073 1389 1125 1454 his
1148 1390 1337 1456 civitatibus
1361 1392 1447 1458 bello

258 1530 260 1535 .
328 1479 424 1557 dicto
440 1492 601 1554 communi
617 1487 753 1554 consilio
776 1499 825 1554 est
847 1489 992 1574 sublata,
1016 1492 1108 1555 cuius
1131 1490 1200 1556 loco
1222 1502 1336 1579 postea
1357 1496 1496 1579 registr

242 1642 266 1709 h

281 1565 407 1683 'Attali
429 1601 461 1657 et
482 1590 640 1656 Arsinoes
661 1590 820 1656 beneficio
836 1590 1087 1678 Smyrnaeorum
1109 1593 1229 1657 civitas
1248 1594 1334 1658 inter
1348 1595 1444 1659 lonas

274 1688 357 1757 ’Ἣ
378 1702 525 1780 recepta:
554 1693 615 1757 hae
642 1693 793 1756 civitates
823 1714 897 1766 cum
919 1693 1019 1758 Caras
1043 1703 1075 1758 et
1096 1693 1235 1778 Lelegas
1260 1696 1443 1778 eiecissent,

299 1796 375 1858 Qun
400 1804 505 1859 terrae
532 1795 699 1879 regionem
720 1816 739 1857 a
762 1793 843 1858 duce
864 1816 923 1858 suo
945 1794 1025 1859 Ione
1047 1793 1295 1882 appellaverunt
1317 1796 1443 1862 Iuniam

297 1879 411 1984 'ibique
444 1895 579 1960 deorum
610 1894 830 1959 inmortalium
859 1895 980 1982 templa
1006 1898 1239 1962 constituentes
1268 1909 1445 1985 coeperunt

301 1987 376 2062 lana
396 1997 586 2079 aedificare,
616 2007 648 2063 et
674 1998 814 2083 primum
836 1996 983 2085 Apollini
1006 1998 1164 2065 Panionio
1187 1998 1301 2062 aedem
1324 2001 1372 2064 uti
1395 2003 1443 2065 vi·
1464 2024 1495 2072 15
1542 2045 1543 2048 =

302 2091 415 2165 derant
433 2100 467 2164 in
481 2098 608 2163 Achaia
623 2101 861 2165 constituerunt
877 2109 909 2164 et
924 2122 995 2163 eam
1011 2100 1165 2167 Doricam
1185 2095 1444 2189 appellaverunt,

303 2200 387 2291 quod
414 2202 448 2265 in
475 2201 620 2265 Dorieon
648 2201 837 2266 civitatibus
864 2202 1006 2288 primum
1034 2201 1154 2266 factam
1183 2224 1220 2267 eo
1247 2224 1366 2288 genere
1393 2205 1442 2267 vi-

264 2302 424 2368 ederant.
469 2304 504 2365 in
526 2324 565 2366 ea
585 2301 667 2366 aede
689 2325 762 2366 cum
785 2301 965 2368 voluissent
988 2302 1152 2369 columnas
1176 2304 1356 2389 conlocare,
1378 2328 1442 2369 non

300 2405 455 2470 habentes
484 2405 689 2490 symmetrias
719 2425 829 2470 earum
852 2415 884 2470 et
907 2415 1098 2491 quaerentes
1121 2406 1238 2492 quibus
1260 2406 1441 2471 rationibus

299 2507 428 2572 efficere
457 2515 590 2593 possent
617 2506 666 2570 uti
693 2516 725 2571 et
752 2505 794 2569 ad
823 2528 902 2571 onus
926 2507 1096 2571 ferendum
1120 2516 1229 2572 essent
1250 2507 1387 2572 idoneae
1410 2517 1442 2571 et
1460 2540 1492 2586 20

297 2611 330 2674 in
352 2618 488 2697 aspectu
509 2608 680 2695 probatam
701 2607 859 2671 haberent
883 2617 1102 2691 venustatem,
1131 2608 1272 2672 dimensi
1294 2618 1370 2674 sunt
1392 2611 1441 2672 vi·
1500 2644 1502 2648 ·

297 2710 367 2776 rilis
397 2710 491 2799 pedis
519 2710 695 2794 vestigium
723 2718 756 2773 et
785 2708 818 2773 id
846 2708 1028 2772 retulerunt
1050 2711 1084 2771 in
1105 2707 1322 2773 altitudinem.
1368 2732 1440 2774 cum

296 2814 503 2879 invenissent
518 2811 635 2899 pedem
650 2819 777 2876 sextam
798 2819 924 2898 partem
946 2831 1017 2874 esse
1038 2808 1221 2874 altitudinis
1243 2811 1277 2872 in
1299 2810 1441 2892 homine,

295 2915 385 2981 idem
400 2917 434 2979 in
457 2913 640 2980 columnam
659 2911 893 3003 transtulerunt
916 2922 948 2977 et
971 2934 1034 2998 qua
1056 2910 1272 2976 crassitudine
1293 2910 1442 2976 fecerunt

295 3017 404 3083 basim
431 3019 537 3105 scapi,
566 3025 671 3081 tantas
699 3037 760 3079 sex
786 3037 858 3079 cum
886 3013 1030 3100 capitulo
1056 3014 1091 3078 in
1115 3012 1323 3078 altitudinem
1346 3024 1438 3079 extu·
1457 3046 1489 3092 25

295 3120 414 3186 lerunt.
464 3120 511 3183 ita
539 3117 651 3183 dorica
674 3116 821 3180 columna
848 3115 954 3180 virilis
978 3117 1121 3203 corporis
1144 3116 1385 3202 proportionem
1408 3126 1439 3181 et

295 3222 484 3287 firmitatem
507 3230 539 3286 et
561 3228 765 3284 venustatem
786 3220 821 3282 in
842 3216 1000 3281 aedificiis
1022 3227 1189 3304 praestare
1211 3217 1328 3304 coepit.
1394 3233 1409 3242 ·

365 3381 379 3427 1
398 3379 460 3429 1οηί
478 3377 566 3427 Xuthi
584 3380 613 3426 et
632 3376 752 3425 Creusae
764 3375 835 3425 loc:
854 3374 930 3423 ionix
943 3370 1147 3439 uthietlereuso
1167 3374 1196 3432 Ε,
1215 3374 1376 3427 ionix.uthi
1388 3373 1438 3426 ,81-

297 3477 396 3513 ereuso
419 3462 450 3511 H
470 3459 634 3542 (ionixvuthi
653 3459 677 3508 dc
696 3473 829 3509 enreusae
848 3457 892 3523 L).
914 3453 926 3525 ΙΙ
946 3461 961 3508 h
980 3456 1162 3524 myliG)anta
1181 3459 1239 3508 GH.
1257 3455 1268 3524 ll
1289 3459 1304 3507 6
1321 3458 1440 3509 Milesiis

296 3560 359 3628 (L):
379 3562 500 3612 milesius
521 3562 578 3611 ΕΗ.
603 3557 615 3627 ll
638 3557 854 3627 'lpreledmem
875 3559 928 3608 ΕΗ
943 3558 1077 3624 (praenen
1095 3557 1139 3623 L).
1166 3557 1178 3625 ll
1205 3560 1291 3610 theon
1311 3560 1364 3608 ΕΗ
1385 3558 1438 3621 (sa-

297 3648 429 3698 mntheon
451 3654 511 3696 ante
534 3662 602 3698 corr.
628 3646 677 3708 Ε).““
697 3642 709 3710 ΙΙ
738 3642 964 3708 coloponachium
985 3638 1039 3693 GH
1058 3641 1188 3709 (colopon
1204 3681 1209 3692 .
1225 3644 1336 3693 echium
1357 3641 1401 3708 L).
1432 3639 1435 3705 l

296 3735 312 3783 8
336 3730 510 3798 eryliGJtras
535 3730 594 3781 GH.
622 3726 634 3797 ΙΙ
662 3730 769 3795 phocen
793 3728 851 3777 ΕΗ.
880 3724 892 3794 ΙΙ
920 3728 1111 3794 glazomenum
1132 3728 1190 3781 ΕΗ.
1218 3723 1230 3791 ΙΙ
1257 3726 1376 3776 labadon
1394 3727 1435 3773 H:
1472 3744 1478 3757 ¹

381 3813 427 3858 ‘ton

295 3866 412 3933 glebede
431 3867 452 3917 Ε
469 3863 527 3930 (vel
545 3881 580 3917 on
600 3864 654 3931 (1'0).
675 3862 687 3931 ΙΙ
707 3867 722 3915 9
740 3863 868 3914 Meliten:
888 3863 1032 3915 meletenia
1053 3863 1110 3914 ΕΗ.
1135 3858 1147 3928 Η
1171 3863 1200 3911 11
1226 3859 1306 3910 attali
1328 3859 1359 3908 H
1375 3854 1434 3921 (L):

296 3951 366 4003 atali
391 3951 413 4001 Ε
435 3949 521 4015 (attili
542 3953 562 4009 l,
586 3950 648 4001 atili
666 3949 717 4012 ct).
746 3945 758 4015 ll
785 3948 1089 4012 zmirnae(neH)orum
1109 3946 1161 3997 ΕΗ
1182 3943 1371 4009 (smirneorum
1388 3942 1436 3992 Lte

295 4042 321 4086 et
340 4034 395 4099 Gc).
416 4029 428 4101 ΙΙ
453 4034 725 4086 unanimiores:
745 4032 895 4097 pandionio
916 4033 974 4083 ΕΗ.
998 4028 1010 4099 ll
1039 4034 1069 4083 17
1092 4029 1300 4080 omissuros:
1324 4026 1437 4076 doricon

297 4119 360 4184 GH),
381 4119 514 4170 dorichon
532 4120 560 4168 II
578 4118 665 4184 (net).
688 4114 701 4184 ll
723 4118 852 4169 viderant
869 4118 960 4169 Sella:
984 4116 1113 4168 v1derunt
1134 4114 1191 4165 ΕΗ.
1215 4108 1227 4179 ΙΙ
1251 4113 1351 4164 18-20
1374 4127 1435 4161 cum

294 4204 451 4257 voluissent
463 4198 494 4238 '-
508 4208 621 4268 possent
639 4219 685 4257 om.
706 4203 727 4253 Ε
745 4203 804 4267 (sed
820 4204 846 4251 in
864 4202 910 4264 ins.
929 4217 1008 4266 marq.
1032 4203 1134 4264 supplet
1157 4200 1191 4250 Εθ
1202 4216 1237 4241 ==
1248 4194 1346 4282 HLlc).
1369 4190 1381 4261 ll
1403 4197 1436 4246 20

295 4287 454 4372 potuissent
473 4305 515 4360 (1'0.
539 4302 551 4370 ll
576 4304 690 4356 ferenda
709 4307 722 4354 o
741 4303 800 4369 (pro
818 4300 956 4369 e=eae?)
975 4302 1040 4350 cent
1057 4307 1116 4348 ente
1134 4314 1203 4350 corr.
1224 4300 1245 4350 Ε
1264 4295 1289 4361 (ᾇ
1309 4293 1371 4359 Εθ),
1396 4297 1437 4347 fe·

295 4390 384 4441 rendit
403 4393 496 4440 essent
512 4390 550 4439 Η.
571 4386 589 4455 ll
603 4391 636 4439 24
654 4389 725 4439 idem
744 4389 815 4440 Mar.
836 4384 949 4449 (Sota.):
969 4386 1036 4433 item
1056 4383 1113 4432 ΕΗ.
1137 4379 1148 4449 ll
1169 4384 1201 4433 26
1219 4385 1313 4433 tantas
1332 4396 1382 4432 sex
1401 4381 1435 4431 G:

297 4479 377 4525 tanta
396 4489 444 4525 sex
461 4473 493 4524 H
508 4470 586 4539 (hle).
1291 4495 1292 4499 =
