<?xml version="1.0" encoding="UTF-8"?>
<!DOCTYPE html PUBLIC "-//W3C//DTD XHTML 1.0 Transitional//EN"
    "http://www.w3.org/TR/xhtml1/DTD/xhtml1-transitional.dtd">
<html xmlns="http://www.w3.org/1999/xhtml" xml:lang="en" lang="en">
 <head>
  <title>
</title>
<meta http-equiv="Content-Type" content="text/html;charset=utf-8" />
  <meta name='ocr-system' content='tesseract 3.04.00' />
  <meta name='ocr-capabilities' content='ocr_page ocr_carea ocr_par ocr_line ocrx_word'/>
</head>
<body>
  <div class='ocr_page' id='page_1' title='image "./vitruviidearchi00strgoog_0199.png"; bbox 0 0 3984 5825; ppageno 0'>
   <div class='ocr_carea' id='block_1_1' title="bbox 438 671 1085 735">
    <p class='ocr_par' dir='ltr' id='par_1_1' title="bbox 438 671 1085 735">
     <span class='ocr_line' id='line_1_1' title="bbox 438 671 1085 735; baseline -0.005 -2"><span class='ocrx_word' id='word_1_1' title='bbox 438 671 499 735; x_wconf 81' lang='grc'><strong>178</strong></span> <span class='ocrx_word' id='word_1_2' title='bbox 927 684 1085 732; x_wconf 79' lang='lat' dir='ltr'>virauvn</span> 
     </span>
    </p>
   </div>
   <div class='ocr_carea' id='block_1_2' title="bbox 333 832 1614 2837">
    <p class='ocr_par' dir='ltr' id='par_1_2' title="bbox 333 832 1584 1228">
     <span class='ocr_line' id='line_1_2' title="bbox 333 832 1584 924; baseline -0.002 -22"><span class='ocrx_word' id='word_1_3' title='bbox 333 854 364 921; x_wconf 57' lang='lat' dir='ltr'><strong>J</strong></span> <span class='ocrx_word' id='word_1_4' title='bbox 438 840 471 902; x_wconf 92' lang='lat' dir='ltr'>in</span> <span class='ocrx_word' id='word_1_5' title='bbox 494 847 585 901; x_wconf 91' lang='lat' dir='ltr'>vestc</span> <span class='ocrx_word' id='word_1_6' title='bbox 613 832 776 902; x_wconf 70' lang='lat' dir='ltr'>intextum</span> <span class='ocrx_word' id='word_1_7' title='bbox 805 845 854 900; x_wconf 91' lang='lat' dir='ltr'>est</span> <span class='ocrx_word' id='word_1_8' title='bbox 880 859 995 900; x_wconf 90' lang='lat' dir='ltr'>aurum</span> <span class='ocrx_word' id='word_1_9' title='bbox 1024 858 1126 923; x_wconf 88' lang='lat' dir='ltr'>eaque</span> <span class='ocrx_word' id='word_1_10' title='bbox 1148 837 1252 900; x_wconf 88' lang='lat' dir='ltr'>vestis</span> <span class='ocrx_word' id='word_1_11' title='bbox 1282 837 1420 901; x_wconf 88' lang='lat' dir='ltr'>contrita</span> <span class='ocrx_word' id='word_1_12' title='bbox 1447 846 1584 924; x_wconf 88' lang='lat' dir='ltr'>propter</span> 
     </span>
     <span class='ocr_line' id='line_1_3' title="bbox 437 937 1583 1024; baseline 0 -22"><span class='ocrx_word' id='word_1_13' title='bbox 437 949 633 1004; x_wconf 88' lang='lat' dir='ltr'>vetustatem</span> <span class='ocrx_word' id='word_1_14' title='bbox 655 961 750 1002; x_wconf 90' lang='lat' dir='ltr'>usum</span> <span class='ocrx_word' id='word_1_15' title='bbox 771 961 836 1003; x_wconf 92' lang='lat' dir='ltr'>non</span> <span class='ocrx_word' id='word_1_16' title='bbox 865 937 985 1001; x_wconf 86' lang='lat' dir='ltr'>habeat</span> <span class='ocrx_word' id='word_1_17' title='bbox 1012 937 1200 1020; x_wconf 89' lang='lat' dir='ltr'>honestum,</span> <span class='ocrx_word' id='word_1_18' title='bbox 1232 939 1332 1024; x_wconf 85' lang='lat' dir='ltr'>panni</span> <span class='ocrx_word' id='word_1_19' title='bbox 1350 939 1395 1015; x_wconf 62' lang='lat' dir='ltr'>‘in</span> <span class='ocrx_word' id='word_1_20' title='bbox 1423 938 1583 1002; x_wconf 89' lang='lat' dir='ltr'>fictilibus</span> 
     </span>
     <span class='ocr_line' id='line_1_4' title="bbox 437 1040 1584 1126; baseline -0.001 -22"><span class='ocrx_word' id='word_1_21' title='bbox 437 1042 526 1105; x_wconf 85' lang='lat' dir='ltr'>vasis</span> <span class='ocrx_word' id='word_1_22' title='bbox 556 1041 688 1126; x_wconf 84' lang='lat' dir='ltr'>inpositi</span> <span class='ocrx_word' id='word_1_23' title='bbox 719 1063 816 1126; x_wconf 89' lang='lat' dir='ltr'>supra</span> <span class='ocrx_word' id='word_1_24' title='bbox 843 1041 953 1125; x_wconf 86' lang='lat' dir='ltr'>ignem</span> <span class='ocrx_word' id='word_1_25' title='bbox 983 1041 1226 1104; x_wconf 89' lang='lat' dir='ltr'>comburuntur.</span> <span class='ocrx_word' id='word_1_26' title='bbox 1277 1041 1305 1103; x_wconf 90' lang='lat' dir='ltr'>is</span> <span class='ocrx_word' id='word_1_27' title='bbox 1333 1040 1414 1103; x_wconf 91' lang='lat' dir='ltr'>cinis</span> <span class='ocrx_word' id='word_1_28' title='bbox 1444 1041 1584 1104; x_wconf 81' lang='lat' dir='ltr'>coicitur</span> 
     </span>
     <span class='ocr_line' id='line_1_5' title="bbox 435 1131 1582 1228; baseline 0.001 -22"><span class='ocrx_word' id='word_1_29' title='bbox 435 1145 469 1206; x_wconf 91' lang='lat' dir='ltr'>in</span> <span class='ocrx_word' id='word_1_30' title='bbox 492 1165 626 1228; x_wconf 87' lang='lat' dir='ltr'>aquam,</span> <span class='ocrx_word' id='word_1_31' title='bbox 650 1151 682 1206; x_wconf 91' lang='lat' dir='ltr'>et</span> <span class='ocrx_word' id='word_1_32' title='bbox 703 1142 837 1207; x_wconf 80' lang='lat' dir='ltr'>additur</span> <span class='ocrx_word' id='word_1_33' title='bbox 859 1165 896 1206; x_wconf 94' lang='lat' dir='ltr'>eo</span> <span class='ocrx_word' id='word_1_34' title='bbox 919 1152 1090 1227; x_wconf 89' lang='lat' dir='ltr'>argentum</span> <span class='ocrx_word' id='word_1_35' title='bbox 1112 1131 1237 1205; x_wconf 88' lang='lat' dir='ltr'>vivum.</span> <span class='ocrx_word' id='word_1_36' title='bbox 1281 1141 1316 1206; x_wconf 88' lang='lat' dir='ltr'>id</span> <span class='ocrx_word' id='word_1_37' title='bbox 1338 1152 1445 1206; x_wconf 89' lang='lat' dir='ltr'>autem</span> <span class='ocrx_word' id='word_1_38' title='bbox 1469 1164 1582 1207; x_wconf 90' lang='lat' dir='ltr'>omnes</span> 
     </span>
    </p>

    <p class='ocr_par' dir='ltr' id='par_1_3' title="bbox 403 1243 1583 1637">
     <span class='ocr_line' id='line_1_6' title="bbox 403 1243 1583 1330; baseline -0.002 -21"><span class='ocrx_word' id='word_1_39' title='bbox 403 1261 418 1309; x_wconf 80' lang='lat'>5</span> <span class='ocrx_word' id='word_1_40' title='bbox 436 1246 537 1307; x_wconf 89' lang='lat' dir='ltr'>micas</span> <span class='ocrx_word' id='word_1_41' title='bbox 560 1246 631 1308; x_wconf 85' lang='lat' dir='ltr'>auri</span> <span class='ocrx_word' id='word_1_42' title='bbox 654 1245 788 1330; x_wconf 85' lang='lat' dir='ltr'>corripit</span> <span class='ocrx_word' id='word_1_43' title='bbox 809 1245 895 1307; x_wconf 90' lang='lat' dir='ltr'>inse</span> <span class='ocrx_word' id='word_1_44' title='bbox 917 1253 950 1308; x_wconf 91' lang='lat' dir='ltr'>et</span> <span class='ocrx_word' id='word_1_45' title='bbox 972 1246 1061 1329; x_wconf 84' lang='lat' dir='ltr'>cogit</span> <span class='ocrx_word' id='word_1_46' title='bbox 1084 1265 1194 1308; x_wconf 90' lang='lat' dir='ltr'>secum</span> <span class='ocrx_word' id='word_1_47' title='bbox 1216 1244 1313 1308; x_wconf 91' lang='lat' dir='ltr'>coire.</span> <span class='ocrx_word' id='word_1_48' title='bbox 1357 1265 1441 1329; x_wconf 89' lang='lat' dir='ltr'>aqua</span> <span class='ocrx_word' id='word_1_49' title='bbox 1464 1243 1583 1309; x_wconf 88' lang='lat' dir='ltr'>defusa</span> 
     </span>
     <span class='ocr_line' id='line_1_7' title="bbox 436 1344 1581 1433; baseline 0.001 -23"><span class='ocrx_word' id='word_1_50' title='bbox 436 1368 509 1410; x_wconf 90' lang='lat' dir='ltr'>cum</span> <span class='ocrx_word' id='word_1_51' title='bbox 524 1345 558 1409; x_wconf 92' lang='lat' dir='ltr'>id</span> <span class='ocrx_word' id='word_1_52' title='bbox 574 1347 609 1408; x_wconf 91' lang='lat' dir='ltr'>in</span> <span class='ocrx_word' id='word_1_53' title='bbox 631 1367 775 1433; x_wconf 90' lang='lat' dir='ltr'>pannum</span> <span class='ocrx_word' id='word_1_54' title='bbox 790 1344 975 1409; x_wconf 85' lang='lat' dir='ltr'>infunditur</span> <span class='ocrx_word' id='word_1_55' title='bbox 990 1353 1022 1408; x_wconf 90' lang='lat' dir='ltr'>et</span> <span class='ocrx_word' id='word_1_56' title='bbox 1037 1344 1085 1409; x_wconf 92' lang='lat' dir='ltr'>ibi</span> <span class='ocrx_word' id='word_1_57' title='bbox 1100 1344 1250 1411; x_wconf 89' lang='lat' dir='ltr'>manibus</span> <span class='ocrx_word' id='word_1_58' title='bbox 1274 1347 1442 1432; x_wconf 88' lang='lat' dir='ltr'>premitur,</span> <span class='ocrx_word' id='word_1_59' title='bbox 1465 1368 1581 1431; x_wconf 89' lang='lat' dir='ltr'>argen—</span> 
     </span>
     <span class='ocr_line' id='line_1_8' title="bbox 435 1446 1580 1535; baseline -0.001 -23"><span class='ocrx_word' id='word_1_60' title='bbox 435 1458 503 1512; x_wconf 91' lang='lat' dir='ltr'>tum</span> <span class='ocrx_word' id='word_1_61' title='bbox 518 1469 577 1534; x_wconf 87' lang='lat' dir='ltr'>per</span> <span class='ocrx_word' id='word_1_62' title='bbox 592 1449 693 1535; x_wconf 88' lang='lat' dir='ltr'>panni</span> <span class='ocrx_word' id='word_1_63' title='bbox 707 1448 857 1512; x_wconf 88' lang='lat' dir='ltr'>raritates</span> <span class='ocrx_word' id='word_1_64' title='bbox 871 1456 1005 1534; x_wconf 90' lang='lat' dir='ltr'>propter</span> <span class='ocrx_word' id='word_1_65' title='bbox 1020 1446 1178 1533; x_wconf 88' lang='lat' dir='ltr'>liquorem</span> <span class='ocrx_word' id='word_1_66' title='bbox 1195 1456 1289 1512; x_wconf 83' lang='lat' dir='ltr'>extra</span> <span class='ocrx_word' id='word_1_67' title='bbox 1310 1446 1442 1531; x_wconf 80' lang='lat' dir='ltr'>labitur,</span> <span class='ocrx_word' id='word_1_68' title='bbox 1465 1470 1580 1515; x_wconf 83' lang='lat' dir='ltr'>aurum</span> 
     </span>
     <span class='ocr_line' id='line_1_9' title="bbox 436 1549 1297 1637; baseline -0.003 -23"><span class='ocrx_word' id='word_1_69' title='bbox 436 1551 677 1637; x_wconf 84' lang='lat' dir='ltr'>compressione</span> <span class='ocrx_word' id='word_1_70' title='bbox 700 1556 847 1613; x_wconf 83' lang='lat' dir='ltr'>coactum</span> <span class='ocrx_word' id='word_1_71' title='bbox 869 1549 956 1612; x_wconf 87' lang='lat' dir='ltr'>intra</span> <span class='ocrx_word' id='word_1_72' title='bbox 978 1570 1097 1634; x_wconf 89' lang='lat' dir='ltr'>purum</span> <span class='ocrx_word' id='word_1_73' title='bbox 1119 1549 1297 1613; x_wconf 86' lang='lat' dir='ltr'>invenitur.</span> 
     </span>
    </p>

    <p class='ocr_par' dir='ltr' id='par_1_4' title="bbox 385 1649 1614 1737">
     <span class='ocr_line' id='line_1_10' title="bbox 385 1649 1614 1737; baseline -0.002 -23"><span class='ocrx_word' id='word_1_74' title='bbox 385 1666 423 1716; x_wconf 85' lang='lat' dir='ltr'>lx</span> <span class='ocrx_word' id='word_1_75' title='bbox 520 1653 681 1717; x_wconf 87' lang='lat' dir='ltr'>Revertar</span> <span class='ocrx_word' id='word_1_76' title='bbox 695 1673 780 1715; x_wconf 91' lang='lat' dir='ltr'>nunc</span> <span class='ocrx_word' id='word_1_77' title='bbox 794 1649 837 1714; x_wconf 88' lang='lat' dir='ltr'>ad</span> <span class='ocrx_word' id='word_1_78' title='bbox 859 1650 954 1714; x_wconf 93' lang='lat' dir='ltr'>minii</span> <span class='ocrx_word' id='word_1_79' title='bbox 975 1658 1240 1736; x_wconf 81' lang='lat' dir='ltr'>temperaturam.</span> <span class='ocrx_word' id='word_1_80' title='bbox 1277 1653 1368 1737; x_wconf 83' lang='lat' dir='ltr'>ipsae</span> <span class='ocrx_word' id='word_1_81' title='bbox 1384 1652 1471 1715; x_wconf 90' lang='lat' dir='ltr'>enim</span> <span class='ocrx_word' id='word_1_82' title='bbox 1491 1651 1614 1737; x_wconf 82' lang='lat' dir='ltr'>glas-1</span> 
     </span>
    </p>

    <p class='ocr_par' dir='ltr' id='par_1_5' title="bbox 388 1751 1613 2248">
     <span class='ocr_line' id='line_1_11' title="bbox 388 1751 1580 1839; baseline 0.003 -24"><span class='ocrx_word' id='word_1_83' title='bbox 388 1770 419 1816; x_wconf 89' lang='lat'>10</span> <span class='ocrx_word' id='word_1_84' title='bbox 437 1754 499 1817; x_wconf 89' lang='lat' dir='ltr'>bae</span> <span class='ocrx_word' id='word_1_85' title='bbox 514 1775 586 1817; x_wconf 89' lang='lat' dir='ltr'>cum</span> <span class='ocrx_word' id='word_1_86' title='bbox 603 1763 678 1817; x_wconf 89' lang='lat' dir='ltr'>sunt</span> <span class='ocrx_word' id='word_1_87' title='bbox 692 1752 820 1836; x_wconf 87' lang='lat' dir='ltr'>aridae,</span> <span class='ocrx_word' id='word_1_88' title='bbox 845 1751 1089 1817; x_wconf 85' lang='lat' dir='ltr'>contunduntur</span> <span class='ocrx_word' id='word_1_89' title='bbox 1103 1751 1179 1839; x_wconf 92' lang='lat' dir='ltr'>pilis</span> <span class='ocrx_word' id='word_1_90' title='bbox 1195 1752 1329 1836; x_wconf 90' lang='lat' dir='ltr'>ferreis,</span> <span class='ocrx_word' id='word_1_91' title='bbox 1354 1762 1385 1816; x_wconf 88' lang='lat' dir='ltr'>et</span> <span class='ocrx_word' id='word_1_92' title='bbox 1399 1751 1580 1818; x_wconf 91' lang='lat' dir='ltr'>lotionibus</span> 
     </span>
     <span class='ocr_line' id='line_1_12' title="bbox 437 1852 1582 1940; baseline 0.001 -22"><span class='ocrx_word' id='word_1_93' title='bbox 437 1862 473 1919; x_wconf 88' lang='lat' dir='ltr'>ct&#39;</span> <span class='ocrx_word' id='word_1_94' title='bbox 492 1855 632 1920; x_wconf 90' lang='lat' dir='ltr'>cocturis</span> <span class='ocrx_word' id='word_1_95' title='bbox 649 1853 772 1919; x_wconf 82' lang='lat' dir='ltr'>crebris</span> <span class='ocrx_word' id='word_1_96' title='bbox 787 1853 911 1919; x_wconf 86' lang='lat' dir='ltr'>relictis</span> <span class='ocrx_word' id='word_1_97' title='bbox 929 1852 1127 1918; x_wconf 91' lang='lat' dir='ltr'>stercoribus</span> <span class='ocrx_word' id='word_1_98' title='bbox 1143 1852 1329 1940; x_wconf 82' lang='lat' dir='ltr'>efficiuntur</span> <span class='ocrx_word' id='word_1_99' title='bbox 1343 1863 1380 1919; x_wconf 92' lang='lat' dir='ltr'>ut</span> <span class='ocrx_word' id='word_1_100' title='bbox 1401 1853 1582 1921; x_wconf 84' lang='lat' dir='ltr'>adveniant</span> 
     </span>
     <span class='ocr_line' id='line_1_13' title="bbox 437 1946 1581 2048; baseline -0.001 -26"><span class='ocrx_word' id='word_1_101' title='bbox 437 1946 570 2048; x_wconf 81' lang='lat' dir='ltr'>colores.</span> <span class='ocrx_word' id='word_1_102' title='bbox 623 1979 696 2021; x_wconf 90' lang='lat' dir='ltr'>cum</span> <span class='ocrx_word' id='word_1_103' title='bbox 720 1977 797 2040; x_wconf 89' lang='lat' dir='ltr'>ergo</span> <span class='ocrx_word' id='word_1_104' title='bbox 826 1956 963 2019; x_wconf 81' lang='lat' dir='ltr'>emissae</span> <span class='ocrx_word' id='word_1_105' title='bbox 986 1956 1053 2018; x_wconf 91' lang='lat' dir='ltr'>sint</span> <span class='ocrx_word' id='word_1_106' title='bbox 1080 1976 1122 2020; x_wconf 84' lang='lat' dir='ltr'>ox</span> <span class='ocrx_word' id='word_1_107' title='bbox 1143 1957 1244 2020; x_wconf 91' lang='lat' dir='ltr'>minio</span> <span class='ocrx_word' id='word_1_108' title='bbox 1273 1977 1331 2044; x_wconf 91' lang='lat' dir='ltr'>per</span> <span class='ocrx_word' id='word_1_109' title='bbox 1357 1959 1487 2041; x_wconf 84' lang='lat' dir='ltr'>argenti</span> <span class='ocrx_word' id='word_1_110' title='bbox 1509 1959 1581 2022; x_wconf 87' lang='lat' dir='ltr'>vivi</span> 
     </span>
     <span class='ocr_line' id='line_1_14' title="bbox 435 2055 1581 2144; baseline 0 -22"><span class='ocrx_word' id='word_1_111' title='bbox 435 2059 639 2124; x_wconf 88' lang='lat' dir='ltr'>relictionem</span> <span class='ocrx_word' id='word_1_112' title='bbox 661 2079 741 2144; x_wconf 84' lang='lat' dir='ltr'>quas</span> <span class='ocrx_word' id='word_1_113' title='bbox 764 2058 799 2120; x_wconf 90' lang='lat' dir='ltr'>in</span> <span class='ocrx_word' id='word_1_114' title='bbox 821 2079 856 2120; x_wconf 89' lang='lat' dir='ltr'>se</span> <span class='ocrx_word' id='word_1_115' title='bbox 878 2055 1042 2121; x_wconf 85' lang='lat' dir='ltr'>naturales</span> <span class='ocrx_word' id='word_1_116' title='bbox 1070 2056 1227 2123; x_wconf 89' lang='lat' dir='ltr'>habuerat</span> <span class='ocrx_word' id='word_1_117' title='bbox 1248 2059 1405 2139; x_wconf 84' lang='lat' dir='ltr'>virtutes,</span> <span class='ocrx_word' id='word_1_118' title='bbox 1437 2058 1581 2125; x_wconf 85' lang='lat' dir='ltr'>efficitur</span> 
     </span>
     <span class='ocr_line' id='line_1_15' title="bbox 436 2156 1613 2248; baseline -0.001 -23"><span class='ocrx_word' id='word_1_119' title='bbox 436 2171 549 2225; x_wconf 90' lang='lat' dir='ltr'>tenera</span> <span class='ocrx_word' id='word_1_120' title='bbox 570 2170 687 2225; x_wconf 91' lang='lat' dir='ltr'>natura</span> <span class='ocrx_word' id='word_1_121' title='bbox 709 2168 741 2223; x_wconf 90' lang='lat' dir='ltr'>et</span> <span class='ocrx_word' id='word_1_122' title='bbox 763 2158 890 2229; x_wconf 80' lang='lat' dir='ltr'>viribus</span> <span class='ocrx_word' id='word_1_123' title='bbox 912 2156 1086 2223; x_wconf 88' lang='lat' dir='ltr'>inbecillis.</span> <span class='ocrx_word' id='word_1_124' title='bbox 1130 2159 1241 2245; x_wconf 86' lang='lat' dir='ltr'>itaque</span> <span class='ocrx_word' id='word_1_125' title='bbox 1256 2180 1329 2222; x_wconf 92' lang='lat' dir='ltr'>cum</span> <span class='ocrx_word' id='word_1_126' title='bbox 1350 2168 1400 2223; x_wconf 92' lang='lat' dir='ltr'>est</span> <span class='ocrx_word' id='word_1_127' title='bbox 1421 2161 1457 2223; x_wconf 91' lang='lat' dir='ltr'>in</span> <span class='ocrx_word' id='word_1_128' title='bbox 1479 2180 1579 2248; x_wconf 86' lang='lat' dir='ltr'>expo·</span> <span class='ocrx_word' id='word_1_129' title='bbox 1597 2176 1613 2223; x_wconf 75' lang='grc'><strong>7</strong></span> 
     </span>
    </p>

    <p class='ocr_par' dir='ltr' id='par_1_6' title="bbox 384 2248 1581 2837">
     <span class='ocr_line' id='line_1_16' title="bbox 385 2248 1580 2347; baseline 0.003 -23"><span class='ocrx_word' id='word_1_130' title='bbox 385 2278 417 2327; x_wconf 82' lang='lat'>15</span> <span class='ocrx_word' id='word_1_131' title='bbox 435 2261 604 2327; x_wconf 87' lang='lat' dir='ltr'>litionibus</span> <span class='ocrx_word' id='word_1_132' title='bbox 628 2260 833 2326; x_wconf 87' lang='lat' dir='ltr'>conclavium</span> <span class='ocrx_word' id='word_1_133' title='bbox 859 2260 955 2325; x_wconf 89' lang='lat' dir='ltr'>tectis</span> <span class='ocrx_word' id='word_1_134' title='bbox 983 2248 1153 2325; x_wconf 85' lang='lat' dir='ltr'>inductum</span> <span class='ocrx_word' id='word_1_135' title='bbox 1160 2309 1170 2343; x_wconf 93' lang='lat'>,</span> <span class='ocrx_word' id='word_1_136' title='bbox 1198 2269 1367 2347; x_wconf 88' lang='lat' dir='ltr'>permanet</span> <span class='ocrx_word' id='word_1_137' title='bbox 1395 2261 1466 2324; x_wconf 87' lang='lat' dir='ltr'>sine</span> <span class='ocrx_word' id='word_1_138' title='bbox 1487 2263 1580 2327; x_wconf 86' lang='lat' dir='ltr'>vitiis</span> 
     </span>
     <span class='ocr_line' id='line_1_17' title="bbox 435 2358 1581 2449; baseline 0.003 -23"><span class='ocrx_word' id='word_1_139' title='bbox 435 2387 492 2428; x_wconf 88' lang='lat' dir='ltr'>suo</span> <span class='ocrx_word' id='word_1_140' title='bbox 521 2361 636 2427; x_wconf 90' lang='lat' dir='ltr'>colore.</span> <span class='ocrx_word' id='word_1_141' title='bbox 686 2363 809 2449; x_wconf 89' lang='lat' dir='ltr'>apertis</span> <span class='ocrx_word' id='word_1_142' title='bbox 832 2383 910 2426; x_wconf 88' lang='lat' dir='ltr'>vero</span> <span class='ocrx_word' id='word_1_143' title='bbox 933 2362 968 2426; x_wconf 89' lang='lat' dir='ltr'>id</span> <span class='ocrx_word' id='word_1_144' title='bbox 996 2371 1046 2427; x_wconf 90' lang='lat' dir='ltr'>est</span> <span class='ocrx_word' id='word_1_145' title='bbox 1073 2358 1254 2449; x_wconf 91' lang='lat' dir='ltr'>peristyliis</span> <span class='ocrx_word' id='word_1_146' title='bbox 1281 2371 1338 2426; x_wconf 90' lang='lat' dir='ltr'>aut</span> <span class='ocrx_word' id='word_1_147' title='bbox 1365 2363 1496 2428; x_wconf 85' lang='lat' dir='ltr'>exedris</span> <span class='ocrx_word' id='word_1_148' title='bbox 1525 2375 1581 2429; x_wconf 88' lang='lat' dir='ltr'>aut</span> 
     </span>
     <span class='ocr_line' id='line_1_18' title="bbox 436 2461 1579 2550; baseline 0.004 -24"><span class='ocrx_word' id='word_1_149' title='bbox 436 2466 552 2529; x_wconf 84' lang='lat' dir='ltr'>ceteris</span> <span class='ocrx_word' id='word_1_150' title='bbox 569 2462 715 2527; x_wconf 91' lang='lat' dir='ltr'>eiusdem</span> <span class='ocrx_word' id='word_1_151' title='bbox 731 2464 820 2528; x_wconf 91' lang='lat' dir='ltr'>modi</span> <span class='ocrx_word' id='word_1_152' title='bbox 843 2462 938 2546; x_wconf 91' lang='lat' dir='ltr'>locis,</span> <span class='ocrx_word' id='word_1_153' title='bbox 962 2483 1025 2550; x_wconf 88' lang='lat' dir='ltr'>quo</span> <span class='ocrx_word' id='word_1_154' title='bbox 1041 2461 1090 2527; x_wconf 89' lang='lat' dir='ltr'>sol</span> <span class='ocrx_word' id='word_1_155' title='bbox 1112 2471 1144 2526; x_wconf 90' lang='lat' dir='ltr'>et</span> <span class='ocrx_word' id='word_1_156' title='bbox 1166 2461 1242 2528; x_wconf 89' lang='lat' dir='ltr'>luna</span> <span class='ocrx_word' id='word_1_157' title='bbox 1262 2465 1366 2549; x_wconf 89' lang='lat' dir='ltr'>possit</span> <span class='ocrx_word' id='word_1_158' title='bbox 1389 2463 1579 2550; x_wconf 89' lang='lat' dir='ltr'>splendores</span> 
     </span>
     <span class='ocr_line' id='line_1_19' title="bbox 436 2563 1581 2649; baseline 0.001 -19"><span class='ocrx_word' id='word_1_159' title='bbox 436 2577 468 2631; x_wconf 86' lang='lat' dir='ltr'>et</span> <span class='ocrx_word' id='word_1_160' title='bbox 490 2566 599 2630; x_wconf 86' lang='lat' dir='ltr'>radios</span> <span class='ocrx_word' id='word_1_161' title='bbox 622 2566 805 2648; x_wconf 84' lang='lat' dir='ltr'>inmittere,</span> <span class='ocrx_word' id='word_1_162' title='bbox 834 2587 907 2631; x_wconf 91' lang='lat' dir='ltr'>cum</span> <span class='ocrx_word' id='word_1_163' title='bbox 929 2565 971 2630; x_wconf 89' lang='lat' dir='ltr'>ab</span> <span class='ocrx_word' id='word_1_164' title='bbox 999 2564 1051 2630; x_wconf 88' lang='lat' dir='ltr'>his</span> <span class='ocrx_word' id='word_1_165' title='bbox 1080 2563 1169 2629; x_wconf 89' lang='lat' dir='ltr'>locus</span> <span class='ocrx_word' id='word_1_166' title='bbox 1197 2566 1358 2649; x_wconf 82' lang='lat' dir='ltr'>tangitur,</span> <span class='ocrx_word' id='word_1_167' title='bbox 1386 2567 1526 2632; x_wconf 83' lang='lat' dir='ltr'>vitiatur</span> <span class='ocrx_word' id='word_1_168' title='bbox 1549 2578 1581 2631; x_wconf 93' lang='lat' dir='ltr'>et</span> 
     </span>
     <span class='ocr_line' id='line_1_20' title="bbox 434 2665 1581 2752; baseline 0.002 -21"><span class='ocrx_word' id='word_1_169' title='bbox 434 2669 554 2732; x_wconf 88' lang='lat' dir='ltr'>amissa</span> <span class='ocrx_word' id='word_1_170' title='bbox 581 2669 703 2731; x_wconf 84' lang='lat' dir='ltr'>virtute</span> <span class='ocrx_word' id='word_1_171' title='bbox 725 2667 842 2732; x_wconf 90' lang='lat' dir='ltr'>coloris</span> <span class='ocrx_word' id='word_1_172' title='bbox 865 2665 1069 2751; x_wconf 86' lang='lat' dir='ltr'>denigratur.</span> <span class='ocrx_word' id='word_1_173' title='bbox 1113 2667 1223 2752; x_wconf 87' lang='lat' dir='ltr'>itaque</span> <span class='ocrx_word' id='word_1_174' title='bbox 1245 2687 1318 2731; x_wconf 89' lang='lat' dir='ltr'>cum</span> <span class='ocrx_word' id='word_1_175' title='bbox 1341 2677 1374 2733; x_wconf 91' lang='lat' dir='ltr'>et</span> <span class='ocrx_word' id='word_1_176' title='bbox 1399 2668 1457 2732; x_wconf 87' lang='lat' dir='ltr'>alii</span> <span class='ocrx_word' id='word_1_177' title='bbox 1484 2669 1581 2735; x_wconf 84' lang='lat' dir='ltr'>multi</span> 
     </span>
     <span class='ocr_line' id='line_1_21' title="bbox 384 2767 1580 2837; baseline 0.003 -5"><span class='ocrx_word' id='word_1_178' title='bbox 384 2785 417 2832; x_wconf 76' lang='lat'>20</span> <span class='ocrx_word' id='word_1_179' title='bbox 434 2779 504 2834; x_wconf 89' lang='lat' dir='ltr'>tum</span> <span class='ocrx_word' id='word_1_180' title='bbox 527 2770 624 2833; x_wconf 91' lang='lat' dir='ltr'>etiam</span> <span class='ocrx_word' id='word_1_181' title='bbox 646 2767 806 2832; x_wconf 84' lang='lat' dir='ltr'>Faberius</span> <span class='ocrx_word' id='word_1_182' title='bbox 823 2767 931 2833; x_wconf 89' lang='lat' dir='ltr'>scriba</span> <span class='ocrx_word' id='word_1_183' title='bbox 951 2790 1025 2833; x_wconf 93' lang='lat' dir='ltr'>cum</span> <span class='ocrx_word' id='word_1_184' title='bbox 1047 2770 1082 2833; x_wconf 88' lang='lat' dir='ltr'>in</span> <span class='ocrx_word' id='word_1_185' title='bbox 1097 2768 1263 2835; x_wconf 86' lang='lat' dir='ltr'>Aventino</span> <span class='ocrx_word' id='word_1_186' title='bbox 1278 2769 1438 2835; x_wconf 84' lang='lat' dir='ltr'>voluisset</span> <span class='ocrx_word' id='word_1_187' title='bbox 1458 2770 1580 2837; x_wconf 86' lang='lat' dir='ltr'>habere</span> 
     </span>
    </p>
   </div>
   <div class='ocr_carea' id='block_1_3' title="bbox 383 2869 1610 3368">
    <p class='ocr_par' dir='ltr' id='par_1_7' title="bbox 383 2869 1610 3368">
     <span class='ocr_line' id='line_1_22' title="bbox 434 2869 1581 2959; baseline 0.003 -24"><span class='ocrx_word' id='word_1_188' title='bbox 434 2871 566 2937; x_wconf 90' lang='lat' dir='ltr'>domum</span> <span class='ocrx_word' id='word_1_189' title='bbox 582 2869 747 2956; x_wconf 89' lang='lat' dir='ltr'>eleganter</span> <span class='ocrx_word' id='word_1_190' title='bbox 762 2871 951 2959; x_wconf 86' lang='lat' dir='ltr'>expolitam,</span> <span class='ocrx_word' id='word_1_191' title='bbox 971 2869 1151 2959; x_wconf 84' lang='lat' dir='ltr'>peristyliis</span> <span class='ocrx_word' id='word_1_192' title='bbox 1166 2872 1307 2959; x_wconf 88' lang='lat' dir='ltr'>parietes</span> <span class='ocrx_word' id='word_1_193' title='bbox 1322 2893 1433 2938; x_wconf 90' lang='lat' dir='ltr'>omnes</span> <span class='ocrx_word' id='word_1_194' title='bbox 1447 2872 1581 2938; x_wconf 86' lang='lat' dir='ltr'>induxit</span> 
     </span>
     <span class='ocr_line' id='line_1_23' title="bbox 388 2958 1579 3063; baseline 0.006 -31"><span class='ocrx_word' id='word_1_195' title='bbox 388 3024 391 3032; x_wconf 90' lang='lat'><em>.</em></span> <span class='ocrx_word' id='word_1_196' title='bbox 434 2976 553 3057; x_wconf 90' lang='lat' dir='ltr'>minio,</span> <span class='ocrx_word' id='word_1_197' title='bbox 577 2974 633 3060; x_wconf 91' lang='lat' dir='ltr'>qui</span> <span class='ocrx_word' id='word_1_198' title='bbox 648 2982 722 3059; x_wconf 92' lang='lat' dir='ltr'>post</span> <span class='ocrx_word' id='word_1_199' title='bbox 738 2973 809 3038; x_wconf 87' lang='lat' dir='ltr'>dies</span> <span class='ocrx_word' id='word_1_200' title='bbox 825 2958 898 3039; x_wconf 69' lang='lat' dir='ltr'>xiix</span> <span class='ocrx_word' id='word_1_201' title='bbox 913 2972 991 3037; x_wconf 85' lang='lat' dir='ltr'>facti</span> <span class='ocrx_word' id='word_1_202' title='bbox 1009 2983 1085 3039; x_wconf 89' lang='lat' dir='ltr'>sunt</span> <span class='ocrx_word' id='word_1_203' title='bbox 1099 2975 1273 3039; x_wconf 91' lang='lat' dir='ltr'>invenusto</span> <span class='ocrx_word' id='word_1_204' title='bbox 1288 2976 1444 3063; x_wconf 87' lang='lat' dir='ltr'>varioque</span> <span class='ocrx_word' id='word_1_205' title='bbox 1459 2976 1579 3040; x_wconf 89' lang='lat' dir='ltr'>colore.</span> 
     </span>
     <span class='ocr_line' id='line_1_24' title="bbox 434 3073 1610 3163; baseline -0.002 -24"><span class='ocrx_word' id='word_1_206' title='bbox 434 3078 546 3163; x_wconf 88' lang='lat' dir='ltr'>itaque</span> <span class='ocrx_word' id='word_1_207' title='bbox 568 3077 672 3161; x_wconf 92' lang='lat' dir='ltr'>primo</span> <span class='ocrx_word' id='word_1_208' title='bbox 695 3075 817 3141; x_wconf 83' lang='lat' dir='ltr'>locavit</span> <span class='ocrx_word' id='word_1_209' title='bbox 838 3073 1040 3140; x_wconf 90' lang='lat' dir='ltr'>inducendos</span> <span class='ocrx_word' id='word_1_210' title='bbox 1055 3074 1137 3140; x_wconf 88' lang='lat' dir='ltr'>alios</span> <span class='ocrx_word' id='word_1_211' title='bbox 1153 3074 1286 3142; x_wconf 89' lang='lat' dir='ltr'>colores.</span> <span class='ocrx_word' id='word_1_212' title='bbox 1321 3085 1356 3141; x_wconf 89' lang='lat' dir='ltr'>at</span> <span class='ocrx_word' id='word_1_213' title='bbox 1379 3077 1480 3163; x_wconf 87' lang='lat' dir='ltr'>siqui</span> <span class='ocrx_word' id='word_1_214' title='bbox 1503 3077 1610 3142; x_wconf 83' lang='lat' dir='ltr'>sub-3</span> 
     </span>
     <span class='ocr_line' id='line_1_25' title="bbox 434 3176 1578 3264; baseline 0.003 -23"><span class='ocrx_word' id='word_1_215' title='bbox 434 3178 525 3242; x_wconf 89' lang='lat' dir='ltr'>tilior</span> <span class='ocrx_word' id='word_1_216' title='bbox 558 3178 657 3242; x_wconf 87' lang='lat' dir='ltr'>fuerit</span> <span class='ocrx_word' id='word_1_217' title='bbox 683 3188 716 3243; x_wconf 91' lang='lat' dir='ltr'>et</span> <span class='ocrx_word' id='word_1_218' title='bbox 747 3177 889 3243; x_wconf 86' lang='lat' dir='ltr'>voluerit</span> <span class='ocrx_word' id='word_1_219' title='bbox 910 3176 1144 3264; x_wconf 85' lang='lat' dir='ltr'>expolitionem</span> <span class='ocrx_word' id='word_1_220' title='bbox 1163 3178 1355 3242; x_wconf 88' lang='lat' dir='ltr'>miniaceam</span> <span class='ocrx_word' id='word_1_221' title='bbox 1377 3200 1471 3243; x_wconf 91' lang='lat' dir='ltr'>suum</span> <span class='ocrx_word' id='word_1_222' title='bbox 1493 3179 1578 3244; x_wconf 90' lang='lat' dir='ltr'>colo·</span> 
     </span>
     <span class='ocr_line' id='line_1_26' title="bbox 383 3278 1578 3368; baseline 0.004 -27"><span class='ocrx_word' id='word_1_223' title='bbox 383 3293 416 3341; x_wconf 77' lang='lat'>25</span> <span class='ocrx_word' id='word_1_224' title='bbox 435 3301 503 3341; x_wconf 87' lang='lat' dir='ltr'>rem</span> <span class='ocrx_word' id='word_1_225' title='bbox 525 3281 682 3363; x_wconf 87' lang='lat' dir='ltr'>retinere,</span> <span class='ocrx_word' id='word_1_226' title='bbox 712 3302 785 3344; x_wconf 90' lang='lat' dir='ltr'>cum</span> <span class='ocrx_word' id='word_1_227' title='bbox 813 3280 920 3367; x_wconf 89' lang='lat' dir='ltr'>paries</span> <span class='ocrx_word' id='word_1_228' title='bbox 943 3279 1106 3368; x_wconf 87' lang='lat' dir='ltr'>expolitus</span> <span class='ocrx_word' id='word_1_229' title='bbox 1136 3287 1168 3345; x_wconf 91' lang='lat' dir='ltr'>et</span> <span class='ocrx_word' id='word_1_230' title='bbox 1190 3278 1302 3345; x_wconf 88' lang='lat' dir='ltr'>aridus</span> <span class='ocrx_word' id='word_1_231' title='bbox 1324 3279 1440 3365; x_wconf 85' lang='lat' dir='ltr'>fuerit,</span> <span class='ocrx_word' id='word_1_232' title='bbox 1469 3304 1578 3346; x_wconf 87' lang='lat' dir='ltr'>ceram</span> 
     </span>
    </p>
   </div>
   <div class='ocr_carea' id='block_1_4' title="bbox 432 3550 1591 4792">
    <p class='ocr_par' dir='ltr' id='par_1_8' title="bbox 432 3550 1591 4792">
     <span class='ocr_line' id='line_1_27' title="bbox 503 3550 1579 3620; baseline 0.007 -20"><span class='ocrx_word' id='word_1_233' title='bbox 503 3554 515 3600; x_wconf 87' lang='lat'>1</span> <span class='ocrx_word' id='word_1_234' title='bbox 536 3556 612 3602; x_wconf 84' lang='lat' dir='ltr'>veste</span> <span class='ocrx_word' id='word_1_235' title='bbox 631 3553 684 3601; x_wconf 74' lang='lat' dir='ltr'>eti:</span> <span class='ocrx_word' id='word_1_236' title='bbox 704 3555 782 3602; x_wconf 72' lang='lat' dir='ltr'>veste</span> <span class='ocrx_word' id='word_1_237' title='bbox 799 3552 880 3602; x_wconf 99' lang='grc' dir='ltr'>ΕΘΗ</span> <span class='ocrx_word' id='word_1_238' title='bbox 896 3554 938 3616; x_wconf 80' lang='lat' dir='ltr'>(ie,</span> <span class='ocrx_word' id='word_1_239' title='bbox 951 3555 1056 3604; x_wconf 78' lang='lat' dir='ltr'>vestem</span> <span class='ocrx_word' id='word_1_240' title='bbox 1069 3552 1114 3619; x_wconf 83' lang='lat' dir='ltr'>L).</span> <span class='ocrx_word' id='word_1_241' title='bbox 1128 3550 1140 3620; x_wconf 82' lang='grc' dir='ltr'>Ι)</span> <span class='ocrx_word' id='word_1_242' title='bbox 1163 3555 1283 3605; x_wconf 85' lang='lat' dir='ltr'>contrita</span> <span class='ocrx_word' id='word_1_243' title='bbox 1296 3554 1344 3606; x_wconf 91' lang='grc' dir='ltr'><em>ΕΘ</em></span> <span class='ocrx_word' id='word_1_244' title='bbox 1363 3554 1423 3618; x_wconf 79' lang='lat' dir='ltr'>(le</span> <span class='ocrx_word' id='word_1_245' title='bbox 1443 3557 1579 3607; x_wconf 84' lang='lat' dir='ltr'>constrits</span> 
     </span>
     <span class='ocr_line' id='line_1_28' title="bbox 436 3625 1576 3704; baseline 0.006 -20"><span class='ocrx_word' id='word_1_246' title='bbox 436 3636 463 3684; x_wconf 91' lang='lat' dir='ltr'><em>H</em></span> <span class='ocrx_word' id='word_1_247' title='bbox 482 3634 554 3699; x_wconf 74' lang='lat' dir='ltr'>(ecch,</span> <span class='ocrx_word' id='word_1_248' title='bbox 572 3635 723 3685; x_wconf 81' lang='lat' dir='ltr'>constricta</span> <span class='ocrx_word' id='word_1_249' title='bbox 740 3637 770 3686; x_wconf 66' lang='lat' dir='ltr'>lic</span> <span class='ocrx_word' id='word_1_250' title='bbox 787 3643 811 3686; x_wconf 81' lang='lat' dir='ltr'>et</span> <span class='ocrx_word' id='word_1_251' title='bbox 834 3636 1027 3703; x_wconf 70' lang='lat' dir='ltr'>assecurat).</span> <span class='ocrx_word' id='word_1_252' title='bbox 1047 3634 1060 3704; x_wconf 87' lang='grc' dir='ltr'>ΙΙ</span> <span class='ocrx_word' id='word_1_253' title='bbox 1080 3640 1096 3689; x_wconf 85' lang='grc'>3</span> <span class='ocrx_word' id='word_1_254' title='bbox 1117 3639 1193 3690; x_wconf 78' lang='lat' dir='ltr'>varis</span> <span class='ocrx_word' id='word_1_255' title='bbox 1208 3645 1268 3690; x_wconf 78' lang='lat' dir='ltr'>sate</span> <span class='ocrx_word' id='word_1_256' title='bbox 1285 3625 1352 3691; x_wconf 69' lang='lat' dir='ltr'>aar.</span> <span class='ocrx_word' id='word_1_257' title='bbox 1377 3639 1398 3688; x_wconf 88' lang='grc' dir='ltr'><em>Θ</em></span> <span class='ocrx_word' id='word_1_258' title='bbox 1422 3638 1483 3703; x_wconf 77' lang='lat' dir='ltr'>(aaa</span> <span class='ocrx_word' id='word_1_259' title='bbox 1503 3639 1549 3704; x_wconf 88' lang='grc' dir='ltr'><em>Ε).</em></span> <span class='ocrx_word' id='word_1_260' title='bbox 1564 3639 1576 3703; x_wconf 73' lang='grc' dir='ltr'><em>Η</em></span> 
     </span>
     <span class='ocr_line' id='line_1_29' title="bbox 436 3719 1577 3791; baseline 0.004 -23"><span class='ocrx_word' id='word_1_261' title='bbox 436 3720 553 3769; x_wconf 85' lang='lat' dir='ltr'>coicitur</span> <span class='ocrx_word' id='word_1_262' title='bbox 571 3719 696 3782; x_wconf 85' lang='lat' dir='ltr'>(coititur</span> <span class='ocrx_word' id='word_1_263' title='bbox 713 3727 773 3771; x_wconf 79' lang='lat' dir='ltr'>ante</span> <span class='ocrx_word' id='word_1_264' title='bbox 790 3736 859 3774; x_wconf 82' lang='lat' dir='ltr'>carr.</span> <span class='ocrx_word' id='word_1_265' title='bbox 879 3720 911 3787; x_wconf 91' lang='grc' dir='ltr'><em>Θ)</em></span> <span class='ocrx_word' id='word_1_266' title='bbox 930 3722 990 3774; x_wconf 81' lang='lat' dir='ltr'>EG:</span> <span class='ocrx_word' id='word_1_267' title='bbox 1014 3723 1134 3787; x_wconf 82' lang='lat' dir='ltr'>eoigitur</span> <span class='ocrx_word' id='word_1_268' title='bbox 1151 3723 1182 3772; x_wconf 86' lang='lat' dir='ltr'><em>H</em></span> <span class='ocrx_word' id='word_1_269' title='bbox 1198 3721 1244 3787; x_wconf 86' lang='lat' dir='ltr'>(le,</span> <span class='ocrx_word' id='word_1_270' title='bbox 1268 3724 1375 3791; x_wconf 82' lang='lat' dir='ltr'>cogitur</span> <span class='ocrx_word' id='word_1_271' title='bbox 1393 3723 1437 3786; x_wconf 85' lang='lat' dir='ltr'>L).</span> <span class='ocrx_word' id='word_1_272' title='bbox 1461 3721 1475 3790; x_wconf 88' lang='grc' dir='ltr'>ΙΙ</span> <span class='ocrx_word' id='word_1_273' title='bbox 1495 3726 1513 3773; x_wconf 83' lang='grc'>4</span> <span class='ocrx_word' id='word_1_274' title='bbox 1532 3741 1577 3775; x_wconf 82' lang='lat' dir='ltr'>eo:</span> 
     </span>
     <span class='ocr_line' id='line_1_30' title="bbox 433 3804 1576 3879; baseline 0.005 -26"><span class='ocrx_word' id='word_1_275' title='bbox 433 3807 471 3879; x_wconf 72' lang='lat' dir='ltr'>sie</span> <span class='ocrx_word' id='word_1_276' title='bbox 490 3805 567 3853; x_wconf 91' lang='grc' dir='ltr'>ΕΘΗ</span> <span class='ocrx_word' id='word_1_277' title='bbox 585 3804 632 3869; x_wconf 77' lang='lat' dir='ltr'>(ef.</span> <span class='ocrx_word' id='word_1_278' title='bbox 642 3822 670 3870; x_wconf 85' lang='lat' dir='ltr'>p.</span> <span class='ocrx_word' id='word_1_279' title='bbox 686 3807 743 3869; x_wconf 77' lang='lat'>179,</span> <span class='ocrx_word' id='word_1_280' title='bbox 757 3809 896 3865; x_wconf 70' lang='grc'><strong>16771182,</strong></span> <span class='ocrx_word' id='word_1_281' title='bbox 910 3810 955 3858; x_wconf 83' lang='lat'>23.</span> <span class='ocrx_word' id='word_1_282' title='bbox 975 3807 1058 3859; x_wconf 80' lang='lat' dir='ltr'>Hasd</span> <span class='ocrx_word' id='word_1_283' title='bbox 1072 3807 1145 3858; x_wconf 83' lang='lat' dir='ltr'>Tura.</span> <span class='ocrx_word' id='word_1_284' title='bbox 1159 3807 1201 3865; x_wconf 90' lang='lat' dir='ltr'>ll,</span> <span class='ocrx_word' id='word_1_285' title='bbox 1219 3808 1290 3871; x_wconf 77' lang='grc'><strong>118).</strong></span> <span class='ocrx_word' id='word_1_286' title='bbox 1306 3804 1319 3874; x_wconf 80' lang='grc' dir='ltr'>ΙΙ</span> <span class='ocrx_word' id='word_1_287' title='bbox 1333 3809 1421 3859; x_wconf 90' lang='lat' dir='ltr'>omnis</span> <span class='ocrx_word' id='word_1_288' title='bbox 1440 3809 1469 3858; x_wconf 84' lang='lat' dir='ltr'><em>H</em></span> <span class='ocrx_word' id='word_1_289' title='bbox 1487 3807 1551 3874; x_wconf 83' lang='lat' dir='ltr'>(cll).</span> <span class='ocrx_word' id='word_1_290' title='bbox 1565 3807 1576 3873; x_wconf 86' lang='grc' dir='ltr'>Ι)</span> 
     </span>
     <span class='ocr_line' id='line_1_31' title="bbox 435 3887 1577 3958; baseline 0.004 -20"><span class='ocrx_word' id='word_1_291' title='bbox 435 3892 450 3938; x_wconf 80' lang='lat'>5</span> <span class='ocrx_word' id='word_1_292' title='bbox 468 3888 567 3939; x_wconf 81' lang='lat' dir='ltr'>defusa</span> <span class='ocrx_word' id='word_1_293' title='bbox 584 3891 655 3941; x_wconf 58' lang='grc' dir='ltr'>ἅσσα</span> <span class='ocrx_word' id='word_1_294' title='bbox 678 3889 779 3941; x_wconf 82' lang='lat' dir='ltr'>diffusa</span> <span class='ocrx_word' id='word_1_295' title='bbox 795 3890 876 3940; x_wconf 93' lang='grc' dir='ltr'>ΕΘΗ</span> <span class='ocrx_word' id='word_1_296' title='bbox 891 3890 951 3954; x_wconf 82' lang='lat' dir='ltr'>(Le,</span> <span class='ocrx_word' id='word_1_297' title='bbox 969 3891 1061 3942; x_wconf 82' lang='lat' dir='ltr'>difusa</span> <span class='ocrx_word' id='word_1_298' title='bbox 1078 3889 1108 3958; x_wconf 79' lang='grc' dir='ltr'><em>ἱ).</em></span> <span class='ocrx_word' id='word_1_299' title='bbox 1132 3887 1145 3957; x_wconf 87' lang='grc' dir='ltr'>ΙΙ</span> <span class='ocrx_word' id='word_1_300' title='bbox 1168 3893 1200 3943; x_wconf 90' lang='grc'>10</span> <span class='ocrx_word' id='word_1_301' title='bbox 1218 3891 1419 3943; x_wconf 83' lang='lat' dir='ltr'>contunduntur</span> <span class='ocrx_word' id='word_1_302' title='bbox 1440 3891 1508 3958; x_wconf 76' lang='lat' dir='ltr'>pilis</span> <span class='ocrx_word' id='word_1_303' title='bbox 1526 3894 1577 3944; x_wconf 82' lang='lat' dir='ltr'>fer-</span> 
     </span>
     <span class='ocr_line' id='line_1_32' title="bbox 434 3972 1578 4043; baseline 0.004 -21"><span class='ocrx_word' id='word_1_304' title='bbox 434 3975 489 4023; x_wconf 89' lang='lat' dir='ltr'>reis</span> <span class='ocrx_word' id='word_1_305' title='bbox 507 3980 536 4023; x_wconf 86' lang='lat' dir='ltr'>et</span> <span class='ocrx_word' id='word_1_306' title='bbox 553 3973 715 4025; x_wconf 87' lang='lat' dir='ltr'>lotionibus:</span> <span class='ocrx_word' id='word_1_307' title='bbox 739 3977 777 4026; x_wconf 84' lang='lat' dir='ltr'>sie</span> <span class='ocrx_word' id='word_1_308' title='bbox 794 3975 880 4025; x_wconf 89' lang='grc' dir='ltr'><em>ΕΘΗ.</em></span> <span class='ocrx_word' id='word_1_309' title='bbox 905 3973 918 4043; x_wconf 89' lang='grc' dir='ltr'>Ι)</span> <span class='ocrx_word' id='word_1_310' title='bbox 941 3978 971 4025; x_wconf 93' lang='grc'>11</span> <span class='ocrx_word' id='word_1_311' title='bbox 991 3974 1159 4027; x_wconf 83' lang='lat' dir='ltr'>efficiuntur:</span> <span class='ocrx_word' id='word_1_312' title='bbox 1181 3976 1219 4026; x_wconf 79' lang='lat' dir='ltr'>sie</span> <span class='ocrx_word' id='word_1_313' title='bbox 1236 3976 1323 4029; x_wconf 86' lang='grc' dir='ltr'><em>ΕΘΗ.</em></span> <span class='ocrx_word' id='word_1_314' title='bbox 1346 3972 1359 4043; x_wconf 85' lang='grc' dir='ltr'>ΙΙ</span> <span class='ocrx_word' id='word_1_315' title='bbox 1383 3976 1517 4029; x_wconf 78' lang='lat' dir='ltr'>adveniat</span> <span class='ocrx_word' id='word_1_316' title='bbox 1533 3993 1578 4028; x_wconf 87' lang='lat' dir='ltr'>co·</span> 
     </span>
     <span class='ocr_line' id='line_1_33' title="bbox 434 4056 1591 4127; baseline 0.003 -20"><span class='ocrx_word' id='word_1_317' title='bbox 434 4058 506 4109; x_wconf 86' lang='lat' dir='ltr'>tores</span> <span class='ocrx_word' id='word_1_318' title='bbox 524 4059 550 4108; x_wconf 94' lang='grc' dir='ltr'><em>Ε</em></span> <span class='ocrx_word' id='word_1_319' title='bbox 573 4056 660 4122; x_wconf 85' lang='lat' dir='ltr'>(color</span> <span class='ocrx_word' id='word_1_320' title='bbox 683 4060 741 4110; x_wconf 84' lang='lat' dir='ltr'>eins</span> <span class='ocrx_word' id='word_1_321' title='bbox 759 4058 819 4123; x_wconf 69' lang='lat' dir='ltr'><em>Ec).</em></span> <span class='ocrx_word' id='word_1_322' title='bbox 842 4057 855 4127; x_wconf 88' lang='grc' dir='ltr'>Ι)</span> <span class='ocrx_word' id='word_1_323' title='bbox 882 4063 914 4111; x_wconf 75' lang='lat'>12</span> <span class='ocrx_word' id='word_1_324' title='bbox 933 4062 1052 4112; x_wconf 83' lang='lat' dir='ltr'>amissae</span> <span class='ocrx_word' id='word_1_325' title='bbox 1071 4063 1128 4111; x_wconf 86' lang='lat' dir='ltr'>sint</span> <span class='ocrx_word' id='word_1_326' title='bbox 1150 4058 1226 4124; x_wconf 88' lang='lat' dir='ltr'>(sunt</span> <span class='ocrx_word' id='word_1_327' title='bbox 1247 4060 1349 4123; x_wconf 72' lang='lat' dir='ltr'>Sciat:</span> <span class='ocrx_word' id='word_1_328' title='bbox 1378 4060 1481 4113; x_wconf 80' lang='lat' dir='ltr'>amissa</span> <span class='ocrx_word' id='word_1_329' title='bbox 1504 4066 1591 4114; x_wconf 58' lang='lat' dir='ltr'>asset&gt;</span> 
     </span>
     <span class='ocr_line' id='line_1_34' title="bbox 433 4139 1578 4213; baseline 0.003 -22"><span class='ocrx_word' id='word_1_330' title='bbox 433 4143 519 4193; x_wconf 87' lang='grc' dir='ltr'><em>ΕΘΗ.</em></span> <span class='ocrx_word' id='word_1_331' title='bbox 536 4139 548 4210; x_wconf 87' lang='grc' dir='ltr'>Ι)</span> <span class='ocrx_word' id='word_1_332' title='bbox 564 4160 598 4193; x_wconf 85' lang='lat' dir='ltr'>ex</span> <span class='ocrx_word' id='word_1_333' title='bbox 610 4144 693 4194; x_wconf 87' lang='lat' dir='ltr'>minio</span> <span class='ocrx_word' id='word_1_334' title='bbox 710 4144 800 4197; x_wconf 73' lang='lat' dir='ltr'>Sada:</span> <span class='ocrx_word' id='word_1_335' title='bbox 823 4162 857 4196; x_wconf 86' lang='lat' dir='ltr'>ex</span> <span class='ocrx_word' id='word_1_336' title='bbox 875 4146 952 4195; x_wconf 91' lang='lat' dir='ltr'>minii</span> <span class='ocrx_word' id='word_1_337' title='bbox 970 4145 1056 4209; x_wconf 89' lang='lat' dir='ltr'>(-nii</span> <span class='ocrx_word' id='word_1_338' title='bbox 1070 4144 1075 4209; x_wconf 90' lang='grc' dir='ltr'>Ι</span> <span class='ocrx_word' id='word_1_339' title='bbox 1089 4145 1129 4209; x_wconf 87' lang='grc' dir='ltr'>Η)</span> <span class='ocrx_word' id='word_1_340' title='bbox 1148 4145 1235 4197; x_wconf 85' lang='grc' dir='ltr'><em>ΕΘΗ.</em></span> <span class='ocrx_word' id='word_1_341' title='bbox 1258 4142 1271 4211; x_wconf 90' lang='grc' dir='ltr'>ΙΙ</span> <span class='ocrx_word' id='word_1_342' title='bbox 1295 4147 1326 4196; x_wconf 89' lang='grc'>13</span> <span class='ocrx_word' id='word_1_343' title='bbox 1349 4142 1440 4196; x_wconf 69' lang='lat' dir='ltr'>lasese</span> <span class='ocrx_word' id='word_1_344' title='bbox 1459 4146 1494 4198; x_wconf 89' lang='grc' dir='ltr'>Ε.</span> <span class='ocrx_word' id='word_1_345' title='bbox 1514 4143 1527 4213; x_wconf 85' lang='grc' dir='ltr'>Ι)</span> <span class='ocrx_word' id='word_1_346' title='bbox 1548 4147 1578 4195; x_wconf 87' lang='grc'><strong>14</strong></span> 
     </span>
     <span class='ocr_line' id='line_1_35' title="bbox 433 4225 1579 4296; baseline 0.005 -21"><span class='ocrx_word' id='word_1_347' title='bbox 433 4227 586 4280; x_wconf 86' lang='lat' dir='ltr'>inbecillis:</span> <span class='ocrx_word' id='word_1_348' title='bbox 605 4230 643 4279; x_wconf 83' lang='lat' dir='ltr'>sie</span> <span class='ocrx_word' id='word_1_349' title='bbox 660 4229 747 4279; x_wconf 90' lang='grc' dir='ltr'><em>ΕΘΗ.</em></span> <span class='ocrx_word' id='word_1_350' title='bbox 770 4226 783 4295; x_wconf 85' lang='grc' dir='ltr'>ΙΙ</span> <span class='ocrx_word' id='word_1_351' title='bbox 807 4232 839 4280; x_wconf 80' lang='lat'>15</span> <span class='ocrx_word' id='word_1_352' title='bbox 856 4235 1013 4296; x_wconf 83' lang='lat' dir='ltr'>permanet:</span> <span class='ocrx_word' id='word_1_353' title='bbox 1035 4245 1160 4295; x_wconf 86' lang='lat' dir='ltr'>pesonan</span> <span class='ocrx_word' id='word_1_354' title='bbox 1178 4228 1200 4280; x_wconf 79' lang='grc'>87</span> <span class='ocrx_word' id='word_1_355' title='bbox 1219 4230 1244 4280; x_wconf 90' lang='grc' dir='ltr'><em>Ε</em></span> <span class='ocrx_word' id='word_1_356' title='bbox 1263 4228 1330 4293; x_wconf 73' lang='grc' dir='ltr'><em>(εἰσ).</em></span> <span class='ocrx_word' id='word_1_357' title='bbox 1354 4225 1367 4294; x_wconf 91' lang='grc' dir='ltr'>ΙΙ</span> <span class='ocrx_word' id='word_1_358' title='bbox 1394 4230 1427 4280; x_wconf 83' lang='grc'><strong>16</strong></span> <span class='ocrx_word' id='word_1_359' title='bbox 1449 4230 1579 4281; x_wconf 81' lang='lat' dir='ltr'>exhedris</span> 
     </span>
     <span class='ocr_line' id='line_1_36' title="bbox 433 4307 1578 4381; baseline 0.002 -20"><span class='ocrx_word' id='word_1_360' title='bbox 433 4312 520 4363; x_wconf 91' lang='grc' dir='ltr'><em>ΕΘΗ.</em></span> <span class='ocrx_word' id='word_1_361' title='bbox 541 4307 553 4376; x_wconf 78' lang='grc' dir='ltr'>Η</span> <span class='ocrx_word' id='word_1_362' title='bbox 577 4314 607 4363; x_wconf 81' lang='grc'><strong>17</strong></span> <span class='ocrx_word' id='word_1_363' title='bbox 628 4317 727 4379; x_wconf 67' lang='lat' dir='ltr'>cestris</span> <span class='ocrx_word' id='word_1_364' title='bbox 747 4315 777 4365; x_wconf 88' lang='grc' dir='ltr'>Θ.</span> <span class='ocrx_word' id='word_1_365' title='bbox 801 4310 813 4381; x_wconf 89' lang='grc' dir='ltr'>ΙΙ</span> <span class='ocrx_word' id='word_1_366' title='bbox 836 4313 959 4365; x_wconf 86' lang='lat' dir='ltr'>eiusdem</span> <span class='ocrx_word' id='word_1_367' title='bbox 976 4313 1062 4365; x_wconf 88' lang='lat' dir='ltr'>modi:</span> <span class='ocrx_word' id='word_1_368' title='bbox 1079 4316 1117 4365; x_wconf 83' lang='lat' dir='ltr'>sie</span> <span class='ocrx_word' id='word_1_369' title='bbox 1134 4315 1220 4366; x_wconf 85' lang='grc' dir='ltr'><em>ΕΘΗ.</em></span> <span class='ocrx_word' id='word_1_370' title='bbox 1244 4312 1256 4381; x_wconf 78' lang='grc' dir='ltr'>Ι)</span> <span class='ocrx_word' id='word_1_371' title='bbox 1279 4329 1359 4380; x_wconf 82' lang='lat' dir='ltr'>posse</span> <span class='ocrx_word' id='word_1_372' title='bbox 1378 4314 1411 4368; x_wconf 86' lang='grc' dir='ltr'><em>Ε.</em></span> <span class='ocrx_word' id='word_1_373' title='bbox 1434 4310 1448 4381; x_wconf 79' lang='lat' dir='ltr'>{l</span> <span class='ocrx_word' id='word_1_374' title='bbox 1473 4316 1505 4366; x_wconf 80' lang='lat'>18</span> <span class='ocrx_word' id='word_1_375' title='bbox 1522 4316 1578 4366; x_wconf 85' lang='lat' dir='ltr'>bis:</span> 
     </span>
     <span class='ocr_line' id='line_1_37' title="bbox 432 4388 1579 4465; baseline 0.004 -22"><span class='ocrx_word' id='word_1_376' title='bbox 432 4398 470 4444; x_wconf 68' lang='lat' dir='ltr'>aa</span> <span class='ocrx_word' id='word_1_377' title='bbox 488 4396 573 4447; x_wconf 80' lang='lat' dir='ltr'>aon.</span> <span class='ocrx_word' id='word_1_378' title='bbox 601 4393 614 4462; x_wconf 77' lang='lat' dir='ltr'>u</span> <span class='ocrx_word' id='word_1_379' title='bbox 640 4401 671 4447; x_wconf 80' lang='lat'>19</span> <span class='ocrx_word' id='word_1_380' title='bbox 689 4401 790 4450; x_wconf 70' lang='lat' dir='ltr'>virtuts</span> <span class='ocrx_word' id='word_1_381' title='bbox 808 4401 887 4450; x_wconf 72' lang='lat' dir='ltr'>aas</span> <span class='ocrx_word' id='word_1_382' title='bbox 909 4399 951 4462; x_wconf 77' lang='grc'><strong>(1,</strong></span> <span class='ocrx_word' id='word_1_383' title='bbox 970 4388 1088 4451; x_wconf 73' lang='lat' dir='ltr'>virtutes</span> <span class='ocrx_word' id='word_1_384' title='bbox 1105 4399 1148 4464; x_wconf 77' lang='lat' dir='ltr'>a).</span> <span class='ocrx_word' id='word_1_385' title='bbox 1173 4396 1185 4465; x_wconf 79' lang='grc' dir='ltr'>ι)</span> <span class='ocrx_word' id='word_1_386' title='bbox 1207 4402 1240 4451; x_wconf 87' lang='lat' dir='ltr'>ao</span> <span class='ocrx_word' id='word_1_387' title='bbox 1263 4398 1395 4451; x_wconf 70' lang='lat' dir='ltr'>aventino</span> <span class='ocrx_word' id='word_1_388' title='bbox 1413 4399 1449 4451; x_wconf 76' lang='lat' dir='ltr'>s:</span> <span class='ocrx_word' id='word_1_389' title='bbox 1475 4398 1579 4451; x_wconf 71' lang='lat' dir='ltr'>adven-</span> 
     </span>
     <span class='ocr_line' id='line_1_38' title="bbox 432 4471 1578 4551; baseline 0.003 -23"><span class='ocrx_word' id='word_1_390' title='bbox 432 4481 491 4530; x_wconf 90' lang='lat' dir='ltr'>tino</span> <span class='ocrx_word' id='word_1_391' title='bbox 509 4481 588 4531; x_wconf 90' lang='grc' dir='ltr'><em>ΕΘΗ</em></span> <span class='ocrx_word' id='word_1_392' title='bbox 607 4480 660 4546; x_wconf 77' lang='grc' dir='ltr'><em>(Ισ).</em></span> <span class='ocrx_word' id='word_1_393' title='bbox 680 4478 693 4547; x_wconf 89' lang='grc' dir='ltr'>ΙΙ</span> <span class='ocrx_word' id='word_1_394' title='bbox 714 4485 745 4533; x_wconf 77' lang='lat'>21</span> <span class='ocrx_word' id='word_1_395' title='bbox 767 4483 917 4535; x_wconf 86' lang='lat' dir='ltr'>introduxit</span> <span class='ocrx_word' id='word_1_396' title='bbox 935 4484 957 4534; x_wconf 94' lang='grc' dir='ltr'><em>Θ</em></span> <span class='ocrx_word' id='word_1_397' title='bbox 974 4482 1036 4546; x_wconf 80' lang='lat' dir='ltr'>(non</span> <span class='ocrx_word' id='word_1_398' title='bbox 1054 4483 1098 4547; x_wconf 92' lang='grc' dir='ltr'><em>Ε).</em></span> <span class='ocrx_word' id='word_1_399' title='bbox 1115 4481 1175 4551; x_wconf 72' lang='grc'><strong>1121</strong></span> <span class='ocrx_word' id='word_1_400' title='bbox 1194 4484 1270 4534; x_wconf 84' lang='lat' dir='ltr'>XXX</span> <span class='ocrx_word' id='word_1_401' title='bbox 1290 4484 1344 4534; x_wconf 87' lang='grc' dir='ltr'>ΘΗ</span> <span class='ocrx_word' id='word_1_402' title='bbox 1358 4481 1442 4548; x_wconf 79' lang='lat' dir='ltr'>(Lle):</span> <span class='ocrx_word' id='word_1_403' title='bbox 1462 4471 1578 4549; x_wconf 70' lang='lat' dir='ltr'>triginta</span> 
     </span>
     <span class='ocr_line' id='line_1_39' title="bbox 433 4555 1573 4636; baseline 0.004 -23"><span class='ocrx_word' id='word_1_404' title='bbox 433 4564 466 4612; x_wconf 90' lang='grc' dir='ltr'><em>Ε.</em></span> <span class='ocrx_word' id='word_1_405' title='bbox 490 4561 502 4629; x_wconf 89' lang='grc' dir='ltr'>Ι)</span> <span class='ocrx_word' id='word_1_406' title='bbox 524 4568 557 4615; x_wconf 79' lang='lat'>23</span> <span class='ocrx_word' id='word_1_407' title='bbox 576 4571 605 4615; x_wconf 87' lang='lat' dir='ltr'>at</span> <span class='ocrx_word' id='word_1_408' title='bbox 624 4566 646 4614; x_wconf 91' lang='grc' dir='ltr'><em>Θ</em></span> <span class='ocrx_word' id='word_1_409' title='bbox 663 4565 725 4631; x_wconf 78' lang='lat' dir='ltr'>(le</span> <span class='ocrx_word' id='word_1_410' title='bbox 745 4567 780 4617; x_wconf 87' lang='lat' dir='ltr'>ad</span> <span class='ocrx_word' id='word_1_411' title='bbox 797 4555 829 4617; x_wconf 89' lang='grc' dir='ltr'><em>Η</em></span> <span class='ocrx_word' id='word_1_412' title='bbox 843 4567 899 4635; x_wconf 84' lang='lat' dir='ltr'>(ic).</span> <span class='ocrx_word' id='word_1_413' title='bbox 922 4565 934 4636; x_wconf 90' lang='grc' dir='ltr'>ΙΙ</span> <span class='ocrx_word' id='word_1_414' title='bbox 958 4569 1072 4633; x_wconf 77' lang='lat' dir='ltr'>quitata</span> <span class='ocrx_word' id='word_1_415' title='bbox 1090 4568 1175 4621; x_wconf 91' lang='grc' dir='ltr'><em>ΕΘΗ.</em></span> <span class='ocrx_word' id='word_1_416' title='bbox 1197 4565 1210 4635; x_wconf 85' lang='grc' dir='ltr'>)Ι</span> <span class='ocrx_word' id='word_1_417' title='bbox 1232 4570 1266 4619; x_wconf 79' lang='lat'>24</span> <span class='ocrx_word' id='word_1_418' title='bbox 1283 4568 1441 4620; x_wconf 78' lang='lat' dir='ltr'>miniacisas</span> <span class='ocrx_word' id='word_1_419' title='bbox 1460 4567 1546 4622; x_wconf 85' lang='grc' dir='ltr'><em>ΕΘΗ.</em></span> <span class='ocrx_word' id='word_1_420' title='bbox 1562 4568 1573 4632; x_wconf 68' lang='grc' dir='ltr'>ι)</span> 
     </span>
     <span class='ocr_line' id='line_1_40' title="bbox 432 4648 1576 4718; baseline 0.007 -23"><span class='ocrx_word' id='word_1_421' title='bbox 432 4648 577 4698; x_wconf 72' lang='lat' dir='ltr'>asarinus</span> <span class='ocrx_word' id='word_1_422' title='bbox 599 4649 684 4699; x_wconf 84' lang='lat' dir='ltr'>fuerit</span> <span class='ocrx_word' id='word_1_423' title='bbox 704 4685 728 4700; x_wconf 85' lang='lat'>..</span> <span class='ocrx_word' id='word_1_424' title='bbox 744 4691 749 4702; x_wconf 92' lang='lat'>.</span> <span class='ocrx_word' id='word_1_425' title='bbox 768 4652 837 4705; x_wconf 67' lang='lat' dir='ltr'>dou:</span> <span class='ocrx_word' id='word_1_426' title='bbox 867 4653 959 4703; x_wconf 83' lang='lat' dir='ltr'>aridus</span> <span class='ocrx_word' id='word_1_427' title='bbox 983 4650 1040 4718; x_wconf 88' lang='lat' dir='ltr'>[est</span> <span class='ocrx_word' id='word_1_428' title='bbox 1063 4654 1219 4704; x_wconf 76' lang='lat' dir='ltr'>subaratum</span> <span class='ocrx_word' id='word_1_429' title='bbox 1304 4653 1390 4707; x_wconf 86' lang='grc' dir='ltr'><em>ΕΘΗ.</em></span> <span class='ocrx_word' id='word_1_430' title='bbox 1420 4654 1471 4705; x_wconf 74' lang='lat' dir='ltr'>sid.</span> <span class='ocrx_word' id='word_1_431' title='bbox 1493 4654 1530 4705; x_wconf 81' lang='lat' dir='ltr'>sd</span> <span class='ocrx_word' id='word_1_432' title='bbox 1549 4667 1576 4717; x_wconf 80' lang='grc' dir='ltr'><em>ρ.</em></span> 
     </span>
     <span class='ocr_line' id='line_1_41' title="bbox 433 4730 1048 4792; baseline 0.015 -15"><span class='ocrx_word' id='word_1_433' title='bbox 433 4732 490 4789; x_wconf 77' lang='grc'><strong>175,</strong></span> <span class='ocrx_word' id='word_1_434' title='bbox 508 4735 542 4780; x_wconf 82' lang='grc'>77</span> <span class='ocrx_word' id='word_1_435' title='bbox 561 4740 587 4782; x_wconf 79' lang='lat' dir='ltr'>es</span> <span class='ocrx_word' id='word_1_436' title='bbox 603 4736 661 4792; x_wconf 90' lang='grc'><strong>177,</strong></span> <span class='ocrx_word' id='word_1_437' title='bbox 680 4736 720 4782; x_wconf 85' lang='lat'>10.</span> <span class='ocrx_word' id='word_1_438' title='bbox 1043 4730 1048 4738; x_wconf 75' lang='grc'><strong>“</strong></span> 
     </span>
    </p>
   </div>
   <div class='ocr_carea' id='block_1_5' title="bbox 0 0 2002 5825">
    <p class='ocr_par' dir='ltr' id='par_1_9' title="bbox 0 0 2002 5825">
     <span class='ocr_line' id='line_1_42' title="bbox 0 0 2002 5825; baseline 0 0"><span class='ocrx_word' id='word_1_439' title='bbox 0 0 2002 5825; x_wconf 95' lang='lat' dir='ltr'> </span> 
     </span>
    </p>
   </div>
  </div>
 </body>
</html>
