3984 5825
503 699 545 764 84
699 748 702 753 -
993 709 1151 760 vrruuvu

473 883 485 930 Ι
588 867 765 931 Columnae
786 865 965 930 corinthiae
985 875 1115 951 praeter
1142 865 1285 952 capitula
1307 876 1418 928 omnes
1440 863 1653 952 symmetrias
1677 879 1690 925 1

503 969 624 1032 habent
644 970 694 1032 uti
722 969 863 1051 ionicae,
893 967 951 1031 sed
974 967 1189 1053 capitulorum
1211 965 1401 1029 altitudines
1425 966 1572 1030 efficiunt
1597 989 1653 1029 eas

503 1094 560 1157 pro
583 1080 654 1134 rata
677 1068 872 1134 excelsiores
896 1079 927 1133 et
948 1068 1154 1154 graciliores,
1178 1066 1265 1153 quod
1294 1070 1392 1131 ionici
1416 1067 1551 1154 capituli
1574 1067 1652 1131 alti·

502 1172 581 1237 tudo
610 1173 706 1236 tertia
732 1193 807 1257 pars
842 1180 892 1234 est
919 1170 1148 1234 crassitudinis
1181 1168 1364 1250 columnae,
1397 1169 1552 1234 corinthii
1580 1179 1654 1234 tota

469 1272 686 1338 ocrassitudo
715 1275 814 1358 scapi.
860 1274 962 1357 igitur
984 1272 1071 1358 quod
1094 1271 1178 1334 duae
1200 1280 1310 1357 partes
1333 1293 1351 1332 e
1374 1269 1593 1334 crassitudine
1617 1274 1652 1334 in

502 1374 675 1439 altitudine
702 1360 934 1438 corinthiorum
962 1374 1168 1454 adiciuntur,
1193 1372 1339 1437 efficiunt
1361 1371 1553 1436 excelsitate
1576 1394 1652 1459 spe·
1746 1404 1749 1411 1

504 1479 586 1540 ciem
621 1498 730 1538 earum
763 1474 978 1560 graciliorem.
1029 1484 1136 1538 cetera
1163 1473 1309 1537 membra
1346 1490 1429 1559 quae
1462 1496 1563 1560 supra
1597 1490 1688 1538 (ιο-2

502 1576 628 1641 lumnas
666 1579 866 1663 inponuntur
909 1586 965 1640 aut
995 1599 1013 1639 e
1047 1576 1166 1638 doricis
1205 1576 1403 1663 symmetriis
1439 1585 1494 1639 aut
1532 1576 1653 1638 ionicis

501 1680 645 1744 moribus
669 1681 702 1742 in
724 1678 893 1743 corinthiis
917 1676 1075 1765 columnis
1103 1676 1329 1758 conlocantur,
1357 1677 1444 1762 quod
1466 1678 1576 1763 ipsum
1598 1698 1653 1740 co-

454 1802 484 1848 10
501 1781 659 1846 rinthium
696 1802 798 1865 genus
832 1782 997 1867 propria-m
1034 1801 1224 1844 coronarum
1261 1776 1522 1864 reliquorumque
1556 1801 1653 1842 orna-

491 1885 683 1948 mentorum
698 1905 762 1946 non
777 1880 934 1946 habuerat
949 1882 1189 1946 institutionem
1197 1928 1205 1961 ‚
1230 1880 1288 1944 sed
1302 1890 1359 1944 aut
1375 1902 1392 1943 e
1407 1880 1653 1967 triglyphorum

501 1983 682 2049 rationibus
715 1982 831 2047 mutuli
864 1985 897 2045 in
929 1984 1057 2047 coronis
1085 1992 1117 2046 et
1144 1985 1177 2045 in
1206 1980 1368 2067 epistyliis
1396 1991 1508 2065 guttae
1538 1980 1653 2045 dorico

502 2107 590 2149 more
606 2086 837 2173 disponuntur,
861 2094 918 2148 aut
938 2107 980 2147 ex
1001 2085 1118 2148 ionicis
1141 2084 1300 2148 institutis
1323 2081 1485 2168 zophoroe
1507 2083 1652 2170 scalptu-

501 2191 546 2252 ris
564 2188 668 2252 ornati
692 2209 764 2250 curn
787 2184 961 2250 denticulis
985 2195 1017 2249 et
1039 2187 1164 2249 coronis
1188 2183 1439 2248 distribuuntur.
1483 2185 1529 2247 ita
1552 2206 1571 2246 e
1592 2207 1651 2268 ge·
1672 2205 1688 2252 3

454 2310 485 2356 15
504 2290 636 2353 neribus
665 2286 791 2351 duohus
821 2287 962 2374 capitulo
991 2288 1184 2373 interposito
1219 2287 1352 2349 tertium
1378 2307 1481 2370 genus
1510 2288 1545 2348 in
1573 2308 1651 2372 ope-

502 2392 593 2454 ribus
624 2401 674 2453 est
710 2398 924 2476 procreatum.
983 2411 1001 2452 e
1027 2387 1250 2453 columnarum
1278 2389 1364 2451 enim
1396 2387 1651 2451 formationibus

503 2494 601 2556 trium
622 2513 778 2576 generum
794 2490 900 2552 factae
926 2500 1001 2554 sunt
1026 2491 1274 2572 nominationes,
1303 2489 1429 2572 dorica,
1453 2491 1573 2572 ionica,
1595 2511 1651 2552 co-

504 2594 637 2675 rinthia,
662 2592 819 2677 equibus
843 2593 948 2677 prima
971 2600 1002 2654 et
1024 2594 1204 2676 antiquitus
1228 2592 1339 2655 dorica
1361 2601 1411 2655 est
1432 2601 1519 2655 nata.

588 2695 742 2780 Namque·
757 2693 882 2756 Achaia
904 2693 1192 2779 Peloponuesoque
1214 2702 1282 2756 tota
1305 2693 1413 2757 Dorus
1436 2691 1593 2757 Hellenos
1618 2703 1652 2758 et

451 2815 485 2862 20
504 2795 658 2861 Orseidos
686 2795 849 2881 nymphae
871 2794 956 2859 lilius
979 2797 1147 2879 regnavit,
1176 2797 1270 2880 isque
1291 2795 1391 2878 Argis
1414 2805 1544 2859 vetusta
1566 2796 1650 2858 civi-

502 2908 568 2963 tate
598 2897 735 2962 Iunonis
771 2896 892 2985 templo
924 2896 1113 2962 aedificavit
1147 2897 1217 2961 eius
1248 2897 1377 2982 generis
1411 2896 1545 2961 fortuito
1582 2896 1649 2962 sor-

502 3023 574 3064 mae
588 3001 716 3080 fanum,
740 2998 860 3070 deinde
882 2999 987 3063 isdem
1010 2999 1184 3085 generibus
1208 3000 1242 3061 in
1264 2999 1380 3062 ceteris
1396 2997 1542 3062 Achaiae
1565 3000 1649 3062 civi·

501 3103 639 3185 tatibus,
669 3124 741 3164 curn
770 3101 947 3163 etiamnum
974 3124 1040 3165 non
1062 3110 1149 3164 esset
1170 3101 1432 3188 symmetriarum
1453 3100 1535 3163 ratio
1558 3111 1648 3164 nata.

502 3214 616 3291 postea
637 3212 746 3266 autem
768 3225 866 3287 quam
887 3202 1106 3265 Athenienses
1130 3223 1171 3265 ex
1193 3203 1359 3288 responsis
1380 3200 1544 3287 Apollinis
1567 3201 1647 3265 Del·

451 3323 484 3370 25
502 3305 606 3390 phici,
631 3305 792 3368 communi
815 3301 950 3367 consilio
980 3305 1079 3367 totius
1108 3302 1284 3385 Hellados,
1312 3322 1378 3367 xm
1407 3302 1551 3367 colonias
1581 3314 1683 3368 unos

502 3416 647 3491 ternpore
676 3406 709 3467 in
732 3405 846 3468 Asiam
863 3403 1081 3471 ideduxerunt
1108 3405 1271 3491 ducesque
1293 3405 1327 3468 in
1349 3403 1487 3489 siugulis
1510 3403 1648 3468 coloniis

571 3630 588 3677 4
606 3628 755 3686 columnae,
769 3627 906 3677 Corinthii
917 3629 987 3682 doc:
1008 3629 1133 3679 columne
1145 3669 1151 3682 .
1165 3629 1302 3680 corinthio
1322 3630 1412 3697 G(-e
1426 3630 1481 3693 GC),
1501 3629 1648 3680 columnae

504 3712 658 3777 corinthio.
677 3712 713 3761 H.
737 3709 748 3777 ll
772 3712 833 3761 siu
853 3712 1000 3763 altitudine
1019 3716 1110 3764 addidi
1128 3713 1153 3777 (e
1173 3714 1356 3764 crassitudine
1370 3714 1567 3764 corinthiorum
1587 3716 1648 3774 GH,

504 3796 722 3847 ccrassitudine
743 3790 893 3845 Corinthiis
911 3798 1004 3861 Man).
1031 3794 1043 3863 ΙΙ
1074 3800 1104 3848 10
1121 3798 1260 3863 propriam
1278 3801 1333 3848 ert:
1360 3799 1471 3863 propria
1495 3799 1553 3852 GH.
1578 3796 1591 3866 [Ι
1616 3802 1646 3848 11

504 3885 552 3931 aut
575 3879 756 3946 etrigliphorir
781 3881 815 3932 0:
840 3884 888 3930 aut
906 3880 1131 3946 &rygiliphorum
1150 3883 1179 3931 H
1197 3880 1485 3947 (autetrygiliphorum
1504 3883 1554 3945 rh).
1578 3877 1591 3947 11
1615 3886 1648 3931 12

503 3988 531 4033 et
552 3984 581 4032 in
600 3981 737 4048 epistyliis
755 3982 828 4033 Joc:
848 3986 876 4032 et
893 3982 1022 4047 epistiliis
1042 3984 1070 4040 6,
1089 3986 1117 4033 et
1135 3968 1259 4047 cpy⁸tiliis
1277 3984 1327 4033 Hc.
1349 3980 1362 4049 ΙΙ
1386 3985 1417 4033 13
1435 3982 1570 4047 zophoroe
1591 3980 1648 4045 (zc-

502 4084 580 4149 phori
598 4083 665 4147 Joc.)
689 4084 852 4149 scalpturis:
876 4084 994 4149 zophoro
1020 4083 1184 4149 escalpturis
1209 4084 1262 4133 GH
1278 4083 1320 4147 (L,
1339 4067 1440 4149 zoph⁰ro
1455 4082 1460 4145 Ι
1476 4097 1531 4135 esc.
1549 4086 1582 4141 le,
1602 4099 1646 4133 zo·
1725 4110 1728 4115 «

503 4168 587 4231 phere
607 4183 645 4218 sc.
663 4166 698 4233 c).
723 4165 734 4233 ΙΙ
764 4171 795 4218 15
820 4168 942 4233 capitulo
963 4170 984 4218 G
1003 4175 1028 4217 et
1046 4177 1186 4218 antecorr.
1205 4169 1245 4217 H:
1266 4168 1410 4236 capitulos
1424 4167 1474 4226 Hc,
1491 4168 1528 4217 ita
1546 4169 1649 4233 quidem

502 4258 529 4301 ut
547 4259 639 4315 apost
648 4254 723 4314 finem
734 4268 821 4303 versus
839 4254 950 4304 additum
966 4255 1001 4302 sit
1018 4252 1050 4302 ab
1067 4254 1119 4303 ulia
1131 4269 1204 4302 manu
1222 4253 1415 4318 (capitulorum
1433 4254 1472 4303 ael
1483 4264 1556 4313 -o'u
1571 4255 1648 4302 etiam

504 4334 571 4399 Llc).
593 4331 608 4402 ll
631 4336 661 4385 18
679 4341 745 4386 uota
763 4344 822 4387 ante
839 4353 908 4388 corr.
928 4340 958 4389 G.
981 4334 993 4403 ΙΙ
1017 4340 1049 4387 19
1067 4337 1254 4402 peloponenso
1274 4337 1306 4396 G,
1330 4337 1530 4406 peloponncsso
1546 4336 1579 4385 H
1595 4335 1648 4399 (cli,

504 4434 657 4484 -ponense
676 4419 721 4484 L).
744 4417 757 4488 ΙΙ
783 4420 917 4472 Hellenos
936 4424 991 4471 Pol.
1012 4417 1198 4485 (hellenismi.
1222 4420 1314 4482 Ven.):
1332 4420 1474 4471 helenidos
1493 4420 1552 4470 GH.
1577 4416 1589 4485 [l
1612 4423 1648 4471 20

504 4500 633 4553 Orseidos
655 4504 751 4556 Schott.
772 4502 818 4568 (ex
835 4507 959 4571 Apollod.
978 4506 1002 4567 I,
1016 4502 1055 4571 7):
1074 4503 1238 4570 expeltidos
1257 4507 1286 4563 G,
1306 4505 1431 4570 exptidos
1443 4506 1475 4555 H
1484 4502 1569 4573 (Hel-J
1582 4501 1595 4570 ΙΙ
1611 4507 1645 4554 21

504 4586 605 4650 templo
626 4588 682 4638 Gal.
702 4587 747 4651 (cs.
763 4606 792 4653 p.
810 4593 853 4652 85,
873 4592 905 4639 14
923 4599 949 4640 et
965 4607 1046 4655 supra
1061 4606 1090 4654 p.
1111 4593 1150 4650 70,
1174 4591 1230 4651 1¹l³
1258 4589 1389 4654 templum
1410 4591 1469 4643 GH.
1493 4585 1506 4655 ΙΙ
1528 4588 1648 4638 fortuito

423 4687 429 4694 ⁶
506 4668 559 4717 GH
579 4670 621 4730 (L,
646 4672 761 4721 fortuitu
782 4672 825 4735 lc).
852 4670 865 4740 ΙΙ
891 4676 923 4723 22
941 4673 1048 4724 hisdem
1069 4674 1122 4723 GH
1142 4670 1180 4737 (ut
1196 4674 1316 4740 semper).
1338 4670 1351 4741 ll
1373 4677 1407 4726 23
1425 4664 1570 4726 etiamnum
1592 4672 1649 4723 GH

505 4748 547 4817 (lc,
568 4753 650 4806 ctiam
669 4759 724 4805 tum
745 4755 787 4823 L).
810 4752 822 4825 ΙΙ
844 4759 877 4807 26
895 4748 923 4808 in
941 4758 1058 4826 singulis
1077 4759 1118 4809 H:
1136 4758 1255 4827 siugulis
1274 4760 1304 4816 G.
