3984 5825
624 637 673 685 DE
696 636 857 687 Dlvnnsls
881 636 1041 687 Fannrcls
1066 636 1405 689 Ancfflrucrcrucan.
1522 625 1583 690 311

433 813 518 881 pore
539 790 683 856 medium
705 788 861 855 circulum
884 799 1048 877 sequetur,
1071 793 1196 855 aestivo
1219 801 1364 878 tempore
1379 814 1437 878 per
1451 795 1584 860 maioris

334 888 344 967 ζ·
434 892 555 958 circuli
576 894 683 980 spatia
704 891 884 977 gradietur.
930 891 987 955 sed
1010 914 1052 956 ne
1074 915 1163 957 error
1192 894 1227 957 in
1250 892 1467 959 construendo
1489 893 1583 961 hero-

433 995 527 1081 logio
550 995 698 1081 cuiquam
722 993 888 1076 videatur,
912 991 1015 1059 libero
1037 993 1108 1059 loco
1129 993 1197 1060 alto
1219 995 1273 1059 vel
1293 993 1392 1082 plano
1415 996 1463 1060 sie
1485 1018 1583 1083 pona·

334 1168 335 1175 q
433 1084 500 1161 tur
513 1104 551 1161 ut
570 1094 709 1181 angulus
732 1094 828 1159 huius
851 1096 907 1181 qui
934 1093 1087 1159 occiduas
1116 1096 1210 1161 horas
1239 1095 1367 1160 notabit
1396 1106 1509 1162 eontra
1530 1120 1582 1162 ae-

398 1196 670 1286 5quinoctialem
704 1218 841 1260 vernum
874 1206 1016 1284 spectet,
1054 1196 1141 1260 unde
1174 1197 1223 1262 sol
1251 1220 1334 1262 nono
1366 1198 1433 1263 kal.
1462 1198 1582 1285 apriles

435 1302 572 1365 oriatur.
616 1298 653 1362 fit
681 1300 778 1362 etiam
807 1298 841 1360 in
869 1320 933 1362 uno
962 1297 1129 1382 horologio
1159 1297 1282 1384 duplex
1305 1298 1484 1383 elegantiae
1507 1300 1582 1364 sub·

434 1399 552 1465 tilitas.
595 1421 670 1463 nam
693 1399 817 1464 dextra·
832 1420 870 1462 ac
893 1399 1026 1463 sinistra
1049 1401 1252 1465 extrinsecus
1277 1400 1310 1463 in
1333 1399 1490 1466 lateribus
1514 1403 1582 1466 eius
1633 1455 1637 1461 .

435 1504 557 1588 quinae
584 1500 690 1565 lineae
718 1500 861 1566 directae
882 1509 1047 1583 notantur,
1072 1511 1103 1565 et
1125 1511 1235 1565 ternae
1257 1511 1365 1588 partes
1390 1501 1582 1567 circulorum

434 1602 569 1689 aequali
591 1601 764 1667 intervallo
787 1602 835 1665 sic
857 1601 938 1666 fiunt
960 1612 996 1665 ut
1019 1624 1082 1666 una
1098 1605 1249 1690 proxima
1273 1605 1316 1667 sit
1331 1603 1459 1688 angulis
1475 1615 1581 1690 posto·

380 1719 414 1767 ιο
434 1704 597 1787 rioribus,
627 1703 685 1768 ubi
707 1704 774 1767 stili
797 1712 957 1790 ponentur
980 1707 1036 1790 qui
1058 1705 1174 1769 umbra
1197 1728 1255 1769 sua
1277 1705 1373 1769 horas
1397 1704 1581 1789 designent,

433 1806 541 1870 altera
563 1804 702 1869 mediam
726 1804 894 1891 planitiem
919 1803 1080 1886 detineat,
1103 1808 1200 1870 tertia
1222 1829 1322 1893 prope
1345 1828 1434 1870 oram
1457 1807 1580 1871 contin-

434 1916 505 1993 gat.
549 1907 608 1970 has
637 1907 722 1971 enim
750 1914 857 1992 partes
889 1905 1083 1970 circulorum
1105 1907 1211 1971 hieme
1235 1929 1312 1971 vore
1335 1917 1367 1972 et
1388 1917 1513 1973 aestate
1535 1909 1583 1972 sic

346 2058 351 2063 .
433 2019 476 2075 ut
497 2003 634 2073 interius
656 2008 826 2093 gnomonis
849 2006 965 2070 umbra
987 2009 1145 2092 sequitur.
1182 2011 1217 2072 in
1233 2009 1361 2094 angulis
1380 2031 1458 2095 ergo
1473 2019 1581 2097 poste·

434 2109 580 2175 rioribus
610 2109 701 2175 stilos
729 2108 856 2173 modice
885 2107 1034 2194 obliquos
1062 2109 1158 2194 figes,
1190 2113 1245 2197 qui
1267 2110 1382 2175 umbra
1405 2132 1464 2175 sun
1485 2111 1581 2175 horas

381 2225 415 2273 15
437 2212 623 2297 designent.
668 2213 776 2276 oriens
805 2213 892 2274 enim
922 2209 968 2274 sol
997 2211 1031 2273 in
1061 2213 1166 2297 primo
1194 2211 1294 2276 latere
1320 2235 1379 2277 sex
1407 2213 1502 2277 horas
1525 2235 1580 2277 no·
1659 2234 1663 2241 ·

436 2313 533 2397 tabit,
558 2313 709 2379 occidens
731 2312 811 2376 alias
834 2334 894 2376 sex
915 2312 949 2374 in
971 2313 1104 2377 sinistro
1127 2312 1227 2378 latere
1250 2326 1428 2402 percurret.
1462 2314 1581 2400 legitur

438 2417 537 2480 etiam
559 2414 655 2479 horas
678 2415 726 2478 sic
749 2415 931 2500 comparari
953 2412 1083 2498 debere,
1106 2417 1243 2502 primam
1266 2427 1393 2481 sextam
1409 2418 1581 2503 septimam

439 2528 471 2581 et
493 2516 720 2580 duodecimam
741 2537 805 2580 uno
829 2517 934 2600 spatio
962 2537 1177 2603 mensuraque
1201 2518 1438 2604 disponendas,
1468 2540 1580 2582 secun·

438 2617 513 2682 dam
542 2618 690 2704 quintam
717 2626 866 2682 octavam
888 2625 920 2681 et
942 2616 1147 2681 undecimam
1176 2620 1247 2704 pari
1277 2620 1473 2705 aequalitate
1495 2619 1580 2683 ordi·

381 2726 419 2779 20
437 2719 579 2802 nandas‚
608 2719 737 2783 tertiam
767 2727 915 2805 quartam
942 2740 1062 2782 nonam
1086 2728 1117 2782 et
1140 2717 1301 2783 decimam
1329 2719 1428 2784 simili
1455 2722 1581 2785 ratione

439 2820 593 2888 edendas.
638 2829 688 2885 est
711 2828 743 2884 et
764 2817 829 2883 alia
851 2818 892 2883 de
914 2819 1010 2884 modo
1034 2828 1065 2883 et
1087 2821 1249 2884 mensuris
1277 2820 1428 2884 horarum
1453 2842 1580 2906 compa-

438 2925 533 3007 ratio,
550 2944 646 3009 quam
662 2921 860 3008 prolixitatis
877 2943 976 2986 causa
991 2921 1262 3009 praetereundam
1278 2923 1463 3005 aestimavi,
1480 2945 1580 3008 quon-

437 3028 503 3090 iam
518 3024 599 3089 haec
614 3022 784 3108 diligentia
798 3022 840 3087 ad
856 3045 976 3110 paucos
992 3023 1169 3111 prudentes
1185 3024 1335 3109 pertinet.
1372 3045 1447 3087 nam
1470 3045 1580 3088 omnes

438 3128 519 3208 fere,
542 3127 627 3191 sicut
649 3147 748 3211 supra
769 3134 982 3190 memoratum
1005 3135 1069 3209 est,
1094 3134 1192 3212 quota
1214 3126 1257 3189 sit
1280 3123 1384 3189 solum
1398 3125 1579 3211 requirunt.

386 3237 421 3287 25
524 3225 691 3307 Quantum
719 3248 795 3311 ergo
824 3227 866 3290 ad
898 3227 1064 3312 privatum
1097 3249 1192 3291 usum
1224 3235 1365 3314 spectat,
1398 3225 1581 3289 neccssaria

436 3331 514 3394 huic
536 3327 647 3393 libello
670 3327 902 3392 ordinavimus.
937 3329 1108 3392 civitatum
1131 3350 1209 3391 sane
1232 3338 1263 3393 et
1279 3338 1458 3392 ceterarum
1473 3348 1579 3391 rerum

437 3431 658 3496 institutiones
681 3430 861 3516 praestanti
883 3430 1063 3514 sapientiae
1085 3430 1308 3494 memorandas
1331 3428 1532 3516 reliquimus.

509 3657 521 3703 l
541 3657 670 3719 sequetur
688 3654 759 3703 Pol:
778 3652 959 3716 sequiturvp.
983 3648 995 3717 Η
1018 3653 1131 3703 maioris
1150 3669 1208 3718 ego:
1228 3653 1345 3705 maiores
1363 3671 1403 3719 vp.
1425 3650 1437 3721 Η
1458 3655 1475 3704 4
1495 3670 1580 3720 augu-

438 3738 481 3789 los
565 3737 714 3788 occidebas
799 3737 904 3786 notauit
920 3753 953 3800 ap
973 3734 1052 3800 (corr.
1073 3737 1135 3801 ed).
1159 3734 1171 3803 Η
1194 3725 1313 3804 Skaprl
1329 3755 1350 3795 v,
1370 3737 1403 3787 kl
1422 3739 1456 3803 ap
1479 3755 1506 3802 p.
1530 3734 1542 3805 Η
1565 3741 1580 3787 6

439 3823 523 3873 etiarn
540 3837 594 3872 unc
611 3839 651 3886 op.
676 3817 688 3886 Η
709 3822 726 3871 8
744 3826 822 3884 terne
839 3838 871 3885 p:
895 3821 1001 3872 ternice
1018 3839 1041 3872 a.
1065 3818 1077 3887 11
1101 3825 1115 3872 9
1135 3820 1202 3870 fiunt
1220 3824 1274 3873 ed:
1298 3824 1375 3873 vient
1392 3840 1413 3881 v,
1433 3821 1501 3870 fiant
1518 3840 1543 3884 ρ.
1566 3820 1577 3886 Η

440 3905 556 3972 angulos
572 3924 601 3971 p.
624 3903 637 3972 Η
660 3907 691 3955 10
709 3904 778 3955 atilli
796 3921 837 3970 op.
861 3901 873 3969 Η
896 3904 1042 3971 designent
1060 3908 1113 3958 ed:
1134 3905 1262 3970 designat
1279 3924 1300 3968 υ,
1322 3904 1443 3970 design&
1459 3922 1487 3969 p.
1512 3901 1524 3970 Η
1549 3908 1578 3954 11

439 3991 529 4041 altera
547 3992 602 4043 ed:
622 3990 692 4040 alter
709 4006 749 4053 up.
773 3985 785 4055 Η
808 4005 884 4039 oram
903 3989 986 4039 Man:
1011 4005 1059 4039 ora
1077 4007 1101 4047 a,
1122 3990 1190 4038 hora
1206 4006 1234 4052 p.
1257 3986 1269 4055 Η
1294 3992 1324 4039 12
1344 3987 1507 4039 circulorum
1525 3991 1579 4039 ert:

439 4073 545 4124 circula
562 4091 603 4138 ap.
626 4070 639 4140 Η
665 4077 696 4125 13
714 4074 863 4138 griomonis
885 4091 917 4137 op
935 4074 974 4136 (at
994 4090 1074 4137 supra
1094 4075 1152 4131 310,
1171 4076 1187 4123 8
1204 4078 1273 4124 solers
1291 4072 1324 4138 o).
1349 4071 1361 4139 Η
1390 4075 1421 4122 14
1444 4072 1535 4123 stillas
1557 4091 1578 4131 o,

438 4159 528 4210 atilios
544 4175 571 4224 p.
595 4156 607 4225 Η
630 4159 754 4223 obliquos
771 4176 802 4223 p:
827 4158 934 4208 oblicus
956 4175 978 4210 v.
1001 4154 1013 4224 Η
1038 4159 1068 4208 15
1087 4156 1234 4221 designent
1255 4175 1286 4222 p:
1311 4157 1498 4209 demonstrent
1521 4175 1543 4211 e.
1564 4155 1580 4224 Η

438 4242 549 4293 notabit
566 4245 620 4296 ed:
640 4244 748 4313 notauit
765 4260 806 4307 op.
827 4239 839 4308 Η
863 4243 895 4291 16
913 4246 1057 4306 percurret
1069 4243 1123 4292 ed:
1143 4242 1213 4290 -rit
1229 4259 1269 4306 ep.
1292 4239 1304 4307 Η
1328 4244 1359 4291 17
1378 4240 1527 4305 sicon(src‹'>
1539 4240 1580 4306 p)-

438 4327 532 4393 parari
549 4343 590 4391 ap.
610 4322 622 4392 Η
646 4329 732 4392 prima
748 4343 779 4391 p:
809 4325 897 4391 prima
915 4343 936 4375 υ.
963 4321 975 4392 Η
996 4328 1076 4376 senta
1100 4325 1217 4390 septima
1242 4330 1269 4376 et
1291 4325 1516 4379 duodecima
1537 4341 1579 4375 se·

440 4411 530 4462 cunda
548 4411 642 4475 quinta
661 4414 762 4461 octava
782 4415 809 4459 et
827 4409 972 4460 undecima
992 4409 1140 4463 ...tertia
1159 4413 1259 4474 quarta
1277 4425 1350 4460 nona
1370 4407 1427 4476 (sic)
1446 4427 1487 4475 ap.
1511 4406 1524 4475 Η
1546 4411 1580 4459 20

440 4501 469 4547 et
487 4489 619 4545 decimam
639 4496 698 4545 add.
712 4495 797 4548 Mau:
816 4510 862 4548 orn.
881 4511 921 4559 op.
945 4491 957 4560 Η
980 4497 1011 4543 21
1032 4493 1151 4544 edendas
1170 4497 1224 4545 ed:
1245 4493 1384 4546 dedendas
1403 4512 1443 4559 cp.
1467 4490 1478 4560 Η
1501 4492 1579 4544 modo

438 4597 469 4646 p:
487 4579 565 4630 dome
583 4597 606 4629 a.
628 4574 640 4645 Η
665 4582 747 4630 oraria
764 4597 786 4632 a.
807 4575 819 4645 Η
839 4582 871 4631 25
890 4584 1000 4646 spectat
1018 4582 1072 4629 ed:
1099 4584 1228 4644 expectat
1244 4597 1284 4645 op.
1305 4575 1318 4646 Η
1340 4582 1373 4631 26
1392 4580 1579 4631 civitatum-

340 4718 342 4723 -
440 4681 515 4746 (reru
533 4695 621 4755 rerum
644 4682 692 4747 sie)
705 4708 735 4717 -
748 4668 879 4749 reliquus
898 4681 1086 4747 (relinquimus
1099 4684 1162 4732 Pur.
1176 4690 1201 4731 et
1222 4681 1281 4731 Vat.
1301 4679 1341 4746 2):
1361 4699 1442 4746 orap
1462 4681 1497 4746 (et
1515 4682 1577 4746 ed.).
