3984 5825
676 641 723 687 nn
746 640 1013 689 sncmrscruaa
1037 643 1105 689 ms.
1130 645 1180 711 111,
1459 631 1500 693 63

356 802 418 857 tur.
463 792 566 877 igitur
588 795 740 877 quoniam
761 793 842 858 hacc
869 816 934 857 non
957 795 1003 857 ita
1026 794 1084 857 sed
1107 797 1154 859 uti
1177 805 1293 859 natura
1315 818 1421 860 rorum
1444 820 1499 862 ro·

354 894 416 958 luit
437 900 514 958 sunt
536 893 729 976 constituta,
759 917 825 959 non
848 895 988 960 efficitur
1010 903 1047 959 nt
1069 899 1195 982 possint
1216 898 1362 962 homines
1386 898 1501 963 obscu-

355 995 433 1059 ratis
468 995 530 1059 suh
558 996 743 1081 pectoribus
773 996 913 1083 ingeniis
942 998 1097 1062 scientias
1130 997 1341 1064 artificiorum
1370 1001 1499 1087 penitus

355 1095 494 1161 latentes
528 1095 801 1182 quemadmodum
834 1099 901 1163 sint
932 1099 1088 1163 iudicare.
1143 1099 1271 1185 ipsique
1298 1101 1439 1166 artifices
1472 1104 1500 1165 si

310 1260 312 1265 ,
357 1197 573 1284 polliceantur
600 1220 692 1262 suam
721 1197 940 1285 prudentiam,
969 1201 997 1264 si
1025 1223 1090 1265 non
1117 1202 1255 1286 pecunia
1283 1204 1349 1267 sint
1377 1203 1534 1288 copiosis

356 1322 412 1365 seu
434 1309 598 1366 vetustate
625 1300 828 1366 officinarum
851 1300 1025 1365 habuerint
1046 1302 1206 1384 notitiam,
1229 1305 1406 1368 autetiam
1427 1326 1499 1389 gra-

355 1402 402 1466 tia
422 1400 547 1471 forensi
568 1410 600 1466 et
622 1400 807 1489 eloquentia
829 1425 903 1468 cum
924 1403 1047 1468 fuerint
1073 1404 1231 1490 inpacati,
1259 1427 1318 1491 pro
1340 1404 1502 1469 industria

356 1501 538 1568 studiorum
565 1504 775 1569 auctoritates
797 1527 867 1570 non
884 1515 1022 1592 possunt
1048 1505 1226 1570 habereut
1248 1507 1295 1570 eis
1318 1505 1404 1591 quod
1427 1528 1500 1594 pro-

320 1619 337 1666 2
355 1603 488 1669 fitentur
511 1604 594 1669 scire
615 1604 651 1669 id
674 1606 835 1671 credatur.
885 1608 1028 1671 maxime
1050 1617 1158 1672 autem
1180 1606 1215 1671 id
1238 1607 1500 1671 animadvertere

243 1700 254 1722 ⁸
356 1728 527 1792 possumus
556 1705 599 1771 ab
621 1708 765 1794 antiquis
794 1709 962 1772 statuariis
985 1716 1018 1771 et
1039 1708 1238 1795 pictoribus,
1268 1708 1356 1795 quod
1384 1731 1426 1771 cx
1447 1708 1499 1772 his
1520 1724 1551 1773 ιο

356 1808 414 1892 qui
441 1806 616 1892 dignitatis
643 1817 736 1873 notas
766 1817 798 1874 ct
825 1808 1113 1875 commendationis
1141 1812 1280 1894 gratiam
1307 1810 1499 1893 habuerunt,

355 1917 489 1974 aeterna
510 1910 664 1974 memoria
685 1909 728 1974 ad
750 1911 975 1998 posteritatem
997 1920 1073 1976 sunt
1094 1920 1332 1997 permanentes,
1356 1913 1404 1976 uti
1426 1911 1498 1998 My-

356 2033 416 2075 ron
445 2009 633 2096 Polycletus
661 2011 796 2077 Phidias
824 2012 991 2101 Lysippus
1020 2015 1184 2100 ceterique
1212 2014 1268 2100 qui
1294 2012 1499 2077 nobilitatem

356 2134 399 2176 ex
427 2121 499 2177 arte
526 2121 602 2178 sunt
629 2115 805 2179 consecuti.
849 2136 989 2200 namque
1016 2124 1053 2178 ut
1082 2115 1271 2180 civitatibus
1294 2115 1421 2200 magnis
1443 2122 1500 2177 aut

355 2213 489 2298 regibus
521 2223 578 2278 aut
611 2213 739 2280 civibus
769 2215 936 2281 nobilibus
963 2218 1061 2303 opera
1087 2216 1249 2299 fecerunt,
1283 2217 1330 2280 ita
1361 2215 1396 2279 id
1424 2225 1499 2279 sunt
1519 2232 1549 2281 ro

354 2316 477 2403 adepti.
521 2325 556 2380 at
587 2317 644 2402 qui
675 2337 741 2381 non
773 2318 900 2383 minore
931 2317 1039 2383 studio
1074 2326 1107 2382 et
1133 2318 1264 2403 ingenio
1292 2317 1499 2404 sollertiaque

354 2418 488 2482 fuerunt
501 2416 681 2502 nobilibus,
705 2428 737 2483 et
752 2417 867 2485 humili
882 2417 1015 2484 fortuna
1039 2419 1167 2484 civibus
1190 2441 1255 2485 non
1277 2421 1384 2485 minus
1409 2440 1497 2504 ogre-

353 2519 409 2603 gie
429 2519 574 2606 perfecta
589 2519 736 2585 lecerunt
757 2541 865 2606 opera,
887 2520 1011 2585 nullam
1032 2522 1219 2586 memoriam
1242 2531 1318 2586 sunt
1339 2520 1499 2602 adsecuti,

355 2619 442 2705 quod
470 2620 505 2685 hi
531 2642 596 2686 non
623 2621 666 2686 ab
692 2620 855 2687 industria
882 2644 987 2708 neque
1008 2626 1087 2687 artis
1111 2622 1255 2689 sollertia
1277 2625 1334 2687 sed
1356 2645 1375 2685 a
1397 2621 1498 2687 felici-

353 2730 422 2786 tate
436 2721 567 2789 fuerunt
581 2720 719 2808 deserti,
741 2732 780 2788 ut
794 2720 909 2788 Teleas
924 2724 1153 2808 Atheniensis,
1176 2724 1282 2790 Chion
1297 2723 1498 2807 Corinthius,
1517 2741 1550 2789 ιο

354 2823 513 2910 Myagrus
545 2822 734 2908 Phocaeus,
768 2825 899 2891 Pharax
932 2825 1119 2911 Ephesius,
1154 2825 1281 2890 Boedas
1314 2824 1496 2914 Byzantius

355 2927 518 3014 etiamque
544 2925 603 2991 alii
629 2926 748 3014 plures.
790 2950 857 2993 non
884 2929 991 2993 minus
1014 2929 1093 2992 item
1115 2930 1270 3015 pictores,
1300 2929 1348 2991 uti
1370 2929 1497 2991 Aristo-

353 3048 465 3092 menes
487 3026 644 3112 Thasius,
667 3027 817 3117 Polycles
846 3039 879 3093 ot
900 3028 1038 3094 Andron
1060 3028 1214 3116 Ephesii,
1242 3028 1333 3092 Theo
1360 3028 1496 3113 Magnes

353 3130 536 3216 ceterique,
563 3152 645 3218 quos
672 3152 777 3217 nequo
807 3130 971 3196 industria
996 3152 1102 3217 neque
1124 3131 1203 3194 artis
1226 3128 1372 3195 studium
1392 3150 1498 3215 neque

421 3355 438 3404 3
455 3353 560 3419 ingenii
577 3354 610 3405 Ε.
633 3350 646 3422 [Ι
667 3354 981 3419 nummulariam
1000 3356 1025 3406 si
1042 3353 1110 3420 Joc.)
1134 3354 1317 3420 polliceantur
1339 3355 1408 3408 doc:
1432 3355 1498 3404 arti-

354 3436 421 3488 fices
438 3436 639 3504 pollicerentur
654 3440 741 3491 ΕΘΗ.
770 3436 782 3507 ΙΙ
811 3442 893 3492 6seu
914 3441 985 3491 loc:
1010 3440 1058 3490 sed
1077 3440 1162 3493 ΕΘΗ.
1186 3436 1198 3506 ΙΙ
1227 3441 1241 3490 7
1265 3455 1339 3490 curn:
1362 3440 1399 3489 εἰσ
1422 3439 1499 3490 ΕΘΗ

355 3522 422 3584 (non
439 3521 517 3586 doc).
540 3519 553 3589 ll
574 3524 698 3591 inpacati
714 3541 774 3591 epo:
793 3524 886 3591 parati
903 3525 990 3576 ΕΘΗ.
1015 3521 1027 3589 ΙΙ
1050 3527 1066 3575 8
1084 3540 1138 3575 non
1156 3525 1216 3574 add.
1229 3525 1285 3575 Joc.
1305 3523 1498 3588 (auctoritates

353 3610 470 3673 possunt
486 3606 587 3667 ΕΘΗ).
612 3604 624 3676 ΙΙ
649 3610 733 3675 quod:
754 3609 863 3675 quiaE.
885 3604 899 3677 ll
918 3610 934 3658 9
952 3608 1082 3659 credatur
1103 3609 1171 3660 loc:
1199 3609 1359 3659 crederetur
1376 3608 1463 3659 ΕΘΗ.
1485 3606 1496 3675 ll

356 3694 387 3741 11
407 3691 553 3757 dignitatis
571 3694 626 3747 ert:
650 3694 803 3759 dignitates
823 3695 880 3754 ΘΗ,
899 3700 961 3744 -te
980 3694 1013 3743 E.
1036 3689 1048 3759 l]
1074 3694 1104 3742 12
1122 3694 1311 3757 posteritatem
1330 3694 1359 3743 Η
1377 3691 1497 3759 (delitum

353 3778 523 3840 potestatem
540 3775 567 3826 Ε
585 3785 611 3827 et
628 3786 688 3829 aare
706 3795 775 3830 corr.
796 3779 825 3829 Θ.
848 3774 860 3844 ll
884 3770 970 3828 miron
988 3777 1137 3843 policletus
1155 3778 1212 3830 ΕΘ.
1236 3774 1249 3845 11
1274 3780 1305 3828 13
1327 3751 1446 3843 p'hydias
1470 3778 1500 3829 H

355 3858 435 3923 (Llc).
458 3855 471 3927 ΙΙ
493 3859 612 3927 lisippus
630 3862 687 3913 ΕΘ.
711 3860 722 3929 ΙΙ
747 3864 778 3913 16
796 3864 901 3914 minore
920 3863 982 3914 EG:
1003 3862 1101 3911 minori
1119 3862 1149 3911 Η
1167 3861 1245 3927 (Llc).
1269 3860 1281 3929 ΙΙ
1305 3865 1336 3912 19
1355 3862 1394 3928 Ιιιί
1413 3862 1448 3925 ΙΙ,
1469 3862 1498 3911 hi

354 3960 404 4011 ΕΘ
417 3958 501 4025 (latei,
519 3946 549 4012 11¹1
567 3961 689 4027 (utsolct)
701 3963 744 4016 6⁶.
759 3960 771 4031 ΙΙ
787 3967 820 4016 20
830 3964 1013 4017 deserum:
1033 3963 1141 4029 desepti
1151 3965 1229 4014 ΕΘΗ
1239 3961 1284 4028 (ef.
1294 3983 1321 4030 p.
1331 3968 1354 4019 9.
1369 3963 1423 4027 13).
1440 3961 1452 4029 Η
1468 3969 1498 4013 ut

353 4046 457 4098 Talea!
469 4062 517 4113 epo
535 4046 581 4111 (=
594 4047 709 4099 Telerias
726 4048 787 4098 Aca.
806 4065 849 4114 ap.
863 4048 938 4101 Clem.
953 4048 996 4098 Al.
1008 4055 1093 4113 protr.
1104 4065 1132 4113 p.
1147 4052 1180 4098 14
1193 4048 1288 4114 Syrou:
1307 4054 1338 4099 ut
1350 4048 1450 4099 thellas
1463 4050 1496 4110 Ε,

352 4128 506 4200 utthelllas
521 4132 550 4191 G,
567 4135 599 4183 ut
610 4132 701 4184 hellas
714 4133 743 4181 H
755 4131 834 4196 (here,
852 4139 884 4184 ut
900 4132 990 4184 bellas
1008 4141 1067 4184 ante
1085 4150 1154 4184 corr.
1166 4133 1201 4197 L)
1216 4134 1260 4196 (=
1271 4136 1386 4199 llepias?
1405 4136 1436 4184 de
1448 4149 1496 4198 quo

353 4234 376 4266 υ.
395 4216 487 4266 Brunn
505 4216 528 4275 Ι,
550 4214 694 4281 101.158).
717 4213 729 4283 ΙΙ
752 4217 852 4268 Chion:
873 4217 973 4277 Χίονις
991 4220 1069 4269 Pauo.
1088 4220 1121 4279 X,
1142 4223 1185 4270 13.
1210 4214 1221 4284 Η
1244 4221 1275 4267 21
1294 4219 1415 4282 miagrus
1434 4217 1466 4267 E.
1483 4216 1494 4282 ll

352 4300 476 4365 phoceas
493 4301 580 4353 ΕΘΗ.
602 4297 615 4367 ΙΙ
637 4300 753 4352 boedas:
777 4304 815 4352 stc
833 4303 917 4355 ΕΘΗ.
941 4299 953 4370 ΙΙ
976 4304 1117 4353 bizantius
1136 4304 1193 4354 ΕΘ.
1216 4300 1228 4368 ΙΙ
1255 4303 1287 4353 23
1309 4300 1497 4368 poly(rG)cles

356 4384 408 4434 ΘΗ
424 4383 544 4451 (pelides
564 4386 621 4445 ΕΕ,
640 4385 756 4452 polycles
774 4386 818 4448 lc).
841 4383 854 4454 ΙΙ
882 4391 910 4437 et
927 4388 1039 4438 Andron
1056 4388 1173 4453 Ephesii
1197 4384 1265 4453 (epo)
1288 4386 1363 4435 Theo
1382 4386 1497 4451 Magnes
1579 4368 1586 4383 ⁸

356 4469 464 4535 (Mesala
493 4468 576 4534 &(at
595 4468 626 4535 Θ)
651 4470 839 4522 andramithes
861 4472 957 4523 nitheo
980 4473 1087 4537 magnis
1110 4472 1188 4521 ΕΘΗ
1212 4468 1442 4535 (nitheolmagnis
1467 4473 1495 4531 Θ,

356 4587 559 4655 nitheomagnis
577 4589 615 4646 Ε,
633 4552 818 4669 —lespitheo
831 4592 938 4657 magnis
953 4591 1008 4655 ac).
1032 4587 1045 4657 ll
1068 4592 1100 4640 24
1113 4591 1252 4656 ceterique
1266 4592 1319 4641 ea:
1340 4591 1496 4657 ceterisque

356 4688 440 4744 EGH.
465 4686 478 4758 ΙΙ
502 4706 582 4756 qnos:
601 4690 674 4756 quod
692 4700 752 4744 ante
770 4709 840 4744 corr.
861 4694 893 4743 Ε.
