3984 5825
637 643 684 689 nn
709 640 976 690 sncnrrncnuus
999 641 1068 689 ms.
1085 642 1160 690 vm.
1406 625 1468 692 201

327 818 451 883 aquae
469 818 534 883 qua
555 797 611 883 qui
633 796 778 861 biberint
800 796 881 861 liunt
903 795 1064 862 abstemii.
1110 797 1152 860 ad
1176 818 1249 860 eum
1270 805 1379 860 autem
1402 797 1470 861 fon-

328 908 394 962 tem
422 900 622 984 epigramma
644 908 693 964 est
720 900 755 962 in
781 898 890 985 lapide
909 898 1103 983 inscriptum
1131 898 1193 962 hac
1215 900 1376 963 sententia
1398 921 1470 962 ver-

329 999 418 1065 sibus
440 1001 582 1085 graeais,
607 1021 678 1063 eam
697 1023 762 1065 non
777 1022 848 1064 esse
870 1000 1021 1065 idoneam
1035 999 1079 1062 ad
1100 998 1274 1063 lavandum
1291 999 1351 1063 sed
1373 1002 1471 1064 etiam

328 1103 495 1166 inimicam
517 1101 658 1185 vitibus,
683 1101 770 1188 quad
792 1101 879 1188 apud
902 1124 975 1167 eum
996 1101 1123 1165 fontem
1143 1101 1325 1188 Melampus
1348 1101 1471 1165 sacrifi-

328 1204 387 1268 eiis
410 1205 619 1291 purgavisset
639 1202 760 1267 rabiem
784 1202 895 1269 Proeti
915 1201 1055 1267 filiarum
1077 1204 1339 1290 restituissetque
1361 1217 1504 1268 earumi

330 1306 495 1390 virginum
518 1314 641 1370 mentes
664 1306 698 1368 in
720 1307 891 1393 pristinam
913 1305 1095 1369 sanitatem.
1141 1306 1340 1392 epigramma
1361 1316 1470 1370 autem

331 1407 437 1472 estid
460 1407 547 1494 quod
570 1415 619 1472 est
642 1407 862 1495 subscriptum

373 1505 510 1592 dyptica,
534 1509 601 1574 aba
623 1512 780 1593 ποίμναις
801 1506 839 1573 τό
861 1504 1092 1593 μεσημβρινὸν
1114 1503 1156 1591 ἦν
1179 1525 1217 1573 σε
1239 1508 1374 1595 βαρόνη

418 1611 516 1688 όίψος
539 1607 592 1675 ἄν’
618 1608 771 1693 ἐσχατιὰς
793 1612 975 1693 Κλείτορος
999 1607 1195 1693 ἐρχόμενον,

371 1715 429 1795 τῆς
450 1710 512 1795 μὲν
534 1708 601 1776 ἀπό
624 1712 750 1797 κρήνης
772 1709 895 1796 ἀρόσαι
917 1709 1008 1794 πόμα
1031 1710 1087 1774 καί
1109 1708 1199 1795 παρὰ
1222 1711 1373 1796 νύμφαις
1492 1726 1523 1775 10

413 1809 553 1897 ὑόριαὶσι
575 1817 701 1898 στῆσον
723 1817 791 1878 πᾶν
812 1810 850 1878 τό
873 1810 936 1878 σόν
958 1810 1130 1876 αἰπόλιον·

371 1911 457 1979 ἀλλὰ
481 1913 524 1980 σύ
547 1912 625 2000 μήτ’
650 1913 706 1981 ἐπὶ
728 1912 855 2000 λουτρὰ
875 1909 981 2000 βόλης
1004 1917 1094 1998 χροί,
1117 1914 1163 2000 μή
1186 1932 1224 1980 σε
1246 1915 1302 1979 καί
1325 1911 1413 2000 αὔρη

414 2017 594 2102 πη<μη’>νη
618 2018 804 2102 <τερπνῆς>
828 2016 923 2094 ἐντός
946 2016 1046 2082 ἐόντα
1068 2015 1188 2100 μέθης·

376 2122 482 2201 φεῦγε
505 2116 537 2182 d’
562 2115 646 2203 ἐμὴν
669 2115 781 2202 πηγήν
802 2118 1026 2202 μισαίμπελον,
1050 2121 1135 2183 ἔνθα
1157 2117 1367 2202 Μελάμπους

412 2219 600 2303 λυσόμενος
622 2217 748 2304 λύσσης
770 2220 955 2305 Προιτίδας
976 2219 1152 2305 ἀργαλέης,
1491 2236 1523 2285 15

400 2497 412 2543 1
433 2508 505 2558 aqua
523 2509 605 2559 equa
623 2494 668 2558 qui
686 2511 747 2560 epo:
768 2511 857 2560 aquae
868 2535 873 2548 .
883 2495 986 2561 quaqui
1005 2496 1037 2555 E,
1050 2510 1121 2564 sque
1132 2531 1138 2546 .
1149 2511 1201 2561 qno
1215 2495 1261 2561 qui
1276 2496 1304 2556 d,
1320 2510 1409 2560 aquae
1425 2497 1473 2562 qui

330 2579 359 2628 H
377 2576 478 2643 (aquae
493 2614 498 2627 .
512 2578 558 2642 qui
576 2576 640 2639 hri,
660 2593 746 2645 aqua.
761 2580 807 2643 qui
824 2580 852 2644 t).
877 2575 890 2646 ll
911 2582 926 2630 2
944 2579 999 2630 hac
1017 2581 1156 2632 sententis
1174 2581 1244 2634 toa:
1268 2580 1339 2631 haec
1362 2585 1473 2632 senten·

329 2663 388 2713 tiae
407 2661 469 2729 (hae
488 2662 626 2727 sententia
641 2662 672 2728 G)
692 2663 771 2714 EGH
788 2662 829 2724 (tr,
848 2665 885 2712 ita
903 2671 986 2714 tames
997 2666 1023 2713 iu
1035 2681 1050 2714 c
1061 2672 1087 2714 ut
1099 2665 1227 2714 scribatur
1240 2666 1382 2715 sententis
1396 2681 1472 2716 eser·

330 2748 415 2810 sibus,
434 2746 486 2813 hep
504 2746 661 2797 sententiae
683 2747 724 2810 L).
748 2743 760 2813 ΙΙ
784 2749 799 2797 b
821 2748 1010 2812 purgavisset:
1032 2751 1071 2799 sic
1089 2749 1175 2799 EGH.
1198 2747 1210 2815 ΙΙ
1238 2750 1383 2803 bautem:
1412 2767 1425 2802 ιι
1453 2752 1474 2802 G

330 2832 409 2897 (quad
424 2833 463 2885 ,l1'0
480 2833 572 2882 deleuit
587 2834 688 2897 punctis
706 2832 802 2882 additis
823 2838 848 2881 et
869 2847 950 2898 supra
966 2849 1019 2885 scr.
1038 2827 1105 2895 sub).
1129 2828 1141 2899 ΙΙ
1163 2833 1179 2882 8
1200 2832 1390 2897 Epiprararaata
1408 2852 1473 2902 quae

329 2924 467 2983 sequuntur
494 2918 581 2967 eadem
605 2932 699 2981 praece
726 2922 817 2967 extersi
844 2918 869 2967 in
891 2920 985 2984 colapis
1014 2918 1128 2969 Floreat.
1161 2932 1196 2967 ea·
1223 2918 1324 2982 Isiqani
1350 2920 1473 2970 mirabili-

330 3002 387 3063 bus,
419 3018 483 3067 quae
509 3002 554 3052 srsb
578 3004 639 3065 licta
667 3000 780 3052 Sationis
807 3004 904 3052 nomine
932 3004 989 3053 alim
1017 3002 1098 3052 edidit
1123 3003 1160 3052 H.
1187 3001 1341 3065 Stephanus.
1377 3019 1408 3053 ea
1434 3005 1474 3053 bic

328 3089 405 3151 plane
423 3087 505 3136 amisit
523 3087 554 3138 E.
590 3087 674 3151 affero
692 3093 774 3135 autem
793 3102 857 3152 quac
875 3085 996 3137 subibant
1014 3087 1073 3146 HG,
1093 3088 1186 3136 litteris
1203 3087 1301 3152 quidem
1317 3089 1418 3151 scripta
1433 3103 1474 3138 se·

330 3171 463 3235 rrsipraecis
480 3173 519 3221 act
533 3172 621 3235 patius
638 3185 673 3220 ea
694 3172 795 3233 praecis
818 3172 910 3221 litteris
928 3172 1063 3238 latinisque
1080 3174 1174 3230 mixta,
1192 3187 1246 3222 cum
1264 3171 1353 3238 quibas
1370 3187 1476 3222 consen·

330 3258 408 3317 tr'uat,
431 3256 481 3304 nisi
504 3256 573 3321 quad
588 3256 668 3320 πατρία
686 3260 760 3305 etiam
778 3257 895 3321 corrupti
910 3263 969 3307 sicut
986 3258 1062 3308 codd.
1085 3257 1134 3307 Llc
1152 3253 1203 3321 (f),
1227 3258 1270 3323 qui
1286 3264 1369 3306 tamen
1387 3259 1475 3308 eadem

331 3355 414 3391 amnes
432 3342 546 3390 amittunt
565 3340 641 3390 acrba
659 3357 681 3390 ν.
700 3337 780 3401 12113
800 3341 907 3391 atta·-
918 3338 1019 3407 εον]ιαι
1034 3342 1073 3391 sic
1084 3342 1196 3404 tepentes
1208 3343 1475 3410 αιπολιονταμεθης

331 3431 379 3476 etc.
414 3440 524 3489 praeces
544 3425 646 3474 litteras
667 3426 754 3474 metius
771 3426 929 3476 causermcit
945 3425 983 3489 H,
1003 3427 1047 3492 qui
1063 3432 1089 3476 et
1104 3426 1173 3475 iuter
1191 3442 1209 3476 a
1227 3432 1253 3477 et
1271 3427 1367 3477 ictarc
1386 3429 1474 3478 diatim
1573 3437 1578 3442 ’

330 3512 390 3575 pult,
412 3509 433 3560 G
450 3518 532 3560 autem
544 3512 623 3559 'muita
641 3510 744 3573 saepius
759 3512 876 3573 peccauit
898 3510 1012 3573 consuas
1034 3510 1061 3560 H
1079 3517 1104 3559 et
1121 3509 1156 3567 N,
1176 3511 1200 3561 A
1219 3509 1297 3577 (quad
1311 3512 1431 3562 scribitur
1447 3512 1475 3563 Λ

332 3611 378 3645 nec
396 3595 558 3659 distinguitur
575 3610 591 3642 a
610 3592 636 3656 λ)
656 3601 681 3645 ct
698 3595 721 3644 Δ
744 3601 770 3644 et
786 3609 887 3660 seraper
901 3594 960 3657 fere
975 3610 1027 3660 pra
1044 3609 1066 3644 π
1081 3595 1175 3658 positis
1192 3610 1220 3645 τι
1236 3598 1277 3647 cet
1293 3612 1330 3650 ιτ.
1346 3612 1397 3661 pra
1415 3614 1433 3664 η
1450 3605 1476 3648 et

333 3695 464 3746 asemper
478 3679 537 3742 sere
554 3678 676 3729 scribitur
694 3695 718 3733 s.
735 3703 769 3715 -
784 3680 897 3745 stapulas
917 3681 1019 3730 litteras
1041 3678 1129 3745 quibas
1151 3680 1260 3731 discedit
1283 3682 1305 3731 G
1328 3680 1359 3731 ab
1377 3683 1409 3732 H
1428 3684 1475 3733 ad·

331 3766 426 3829 scripsi
445 3779 526 3828 supra
547 3765 660 3829 stapulas
681 3767 813 3815 terronam
834 3766 929 3816 codicis
946 3765 984 3819 H.
1013 3760 1025 3832 ΙΙ
1052 3766 1191 3815 8srrats
1215 3765 1244 3815 H
1266 3765 1474 3831 (clamatis.)

335 3903 364 3952 θ.
387 3898 400 3967 Η
423 3864 618 3953 bueesarrau.
635 3896 647 3966 ΙΙ
663 3898 792 3965 ididae:
812 3901 937 3953 saraed.
960 3896 973 3967 li
995 3866 1138 3952 xbssoroc.
1162 3896 1175 3967 ΙΙ
1199 3902 1230 3952 10
1243 3916 1306 3968 τηςι
1325 3913 1376 3952 sse
1388 3901 1449 3953 Ha.
1461 3897 1474 3965 Η

333 4052 402 4088 assa:
423 4049 485 4086 ατιο
507 4034 536 4088 θ.
559 4031 571 4102 Ι]
594 4049 807 4087 ussurusrrcst
826 4037 884 4087 lta.
904 4032 918 4103 ΙΙ
936 4051 1048 4087 xsusrs
1067 4036 1097 4087 d.
1120 4032 1132 4102 ss
1156 4037 1186 4085 11
1206 4031 1353 4099 abaaaasr:
1373 3996 1477 4087 sires·

293 4157 306 4163 --
332 4135 373 4172 (ιιι
393 4121 428 4174 H.
453 4116 466 4186 Η
488 4132 604 4187 scasas:
628 4117 770 4185 (τηΙιιιοιι
794 4120 823 4171 O.
847 4116 859 4187 ΙΙ
881 4136 954 4171 aar:
981 4135 1047 4171 risu
1072 4120 1101 4174 6,
1126 4116 1138 4187 ΙΙ
1166 4133 1317 4172 caucasios
1339 4121 1372 4169 H
1390 4119 1475 4183 (ubis

332 4273 367 4307 ea
385 4270 402 4305 s
424 4272 518 4307 rasura
537 4257 633 4320 sactum
655 4264 703 4308 est.
736 4270 799 4307 strio
822 4271 897 4307 οιιοα
921 4257 963 4321 a).
986 4252 999 4322 ΙΙ
1027 4258 1058 4305 12
1082 4218 1476 4308 siscianuseiissossrsnast·

332 4354 627 4393 sexrsuucusstsrrn.
651 4337 663 4407 ΙΙ
687 4343 718 4392 13
740 4356 988 4409 πημηνη-εμην
1011 4357 1058 4391 am.
1084 4340 1113 4393 G.
1137 4336 1150 4408 ΙΙ
1175 4354 1342 4394 muscum
1364 4340 1396 4390 H
1415 4344 1432 4391 ι’.
1451 4357 1476 4392 e.

332 4423 491 4494 πη<μη>νη
503 4422 668 4494 <τερπνης>
682 4442 771 4486 susac.
786 4422 798 4494 ii
816 4429 847 4477 14
860 4417 888 4478 δ’
904 4442 989 4494 εμηνι
1009 4441 1078 4476 seru
1097 4426 1132 4477 H.
1149 4424 1163 4494 il
1177 4442 1285 4495 πηηηνε
1305 4441 1405 4477 isarna
1417 4427 1446 4477 d.
1462 4423 1473 4491 [1

333 4520 537 4614 uercasiisiou.
561 4558 573 4630 ΙΙ
596 4565 776 4630 μελαμπονςε
804 4558 1000 4626 ιιοιιιιιιιλτοτε
1025 4562 1054 4611 G.
1082 4558 1095 4628 ΙΙ
1123 4564 1155 4614 15
1178 4563 1336 4630 λυσαμενος
1360 4563 1476 4630 λνσσηςι

334 4695 614 4762 arcsueuolcarcesc
634 4699 669 4760 H,
690 4713 781 4750 sueno
801 4711 852 4749 (ατ
870 4709 935 4748 teuc
955 4697 984 4748 0.
1009 4693 1022 4763 ΙΙ
1041 4658 1354 4750 ¹sisoimcsscssrseuessc.
