3984 5825
429 654 472 716 20
924 666 1080 714 vmauvn

431 821 509 885 locis
538 819 677 884 tutando
706 820 855 906 proxime
882 818 959 883 litus
987 821 1199 906 perveniunt,
1227 821 1416 883 inconsueta
1444 815 1574 880 salsitu-

431 920 507 985 dine
534 932 699 984 necantur.
750 919 918 1006 exemplar
943 930 1053 984 autem
1080 921 1176 984 huius
1199 922 1246 982 rei
1270 917 1416 984 Gallicae
1438 916 1575 1004 paludes

421 1033 566 1108 possunt
583 1043 654 1085 esse
670 1044 751 1106 quac
767 1023 889 1085 circum
905 1021 1054 1086 Altinum
1075 1023 1266 1086 Ravennam
1288 1019 1475 1106 Aquileiam
1496 1018 1576 1082 alia-

431 1145 493 1209 que
521 1145 605 1211 quac
633 1122 666 1185 in
695 1122 854 1187 eiusmodi
876 1121 955 1187 locis
978 1125 1158 1210 municipia
1179 1132 1255 1188 sunt
1277 1124 1426 1208 proxima
1448 1121 1577 1208 paludi-

397 1224 509 1307 obus,
538 1223 626 1310 qnod
655 1222 704 1286 his
733 1224 913 1288 rationibus
941 1224 1062 1289 habent
1090 1222 1317 1288 incredibilem
1340 1223 1576 1288 salubritatem.

432 1326 552 1412 quibus
580 1335 689 1387 autom
718 1325 898 1389 insidentes
926 1336 1002 1390 sunt
1024 1325 1160 1413 paludes
1183 1336 1215 1390 et
1237 1349 1302 1390 non
1322 1324 1444 1388 habent
1467 1325 1577 1387 exitus
1598 1336 1628 1384 12

433 1426 628 1514 pndlucntca
650 1447 755 1511 neque
775 1448 834 1512 pcr
853 1426 986 1490 flumina
1006 1449 1111 1514 neque
1133 1451 1192 1515 per
1213 1427 1335 1509 fossas,
1359 1429 1408 1490 uti
1430 1426 1575 1511 Pompti-

431 1550 510 1610 nae,
534 1526 649 1592 stando
666 1537 839 1613 putescunt
854 1537 886 1590 et
908 1550 1036 1592 umores
1058 1551 1177 1614 graves
1200 1539 1232 1593 et
1254 1527 1445 1615 pestilentes
1467 1529 1502 1590 in
1524 1526 1577 1588 his

432 1627 511 1693 locis
535 1630 698 1693 emittunt.
743 1629 819 1692 item
844 1631 877 1692 in
900 1629 1022 1716 Apulia
1044 1631 1201 1717 oppidum
1225 1629 1336 1716 Salpia
1358 1635 1465 1711 vetus',
1488 1625 1577 1715 quod
1674 1683 1682 1694 ,

384 1749 414 1796 lo
433 1730 610 1795 Diomedes
643 1727 685 1791 ab
713 1728 811 1793 Troia
846 1730 975 1794 rediens
1004 1733 1175 1796 constituit
1202 1732 1272 1795 sive
1302 1729 1579 1817 quemadmodum

433 1832 579 1897 nonnulli
595 1831 796 1916 scripserunt
812 1831 925 1919 Elpias
941 1832 1106 1915 Rhodius,
1130 1835 1164 1896 in
1185 1832 1345 1897 eiusmodi
1367 1832 1447 1897 locis
1470 1832 1578 1894 fuerat

433 1933 651 2014 conlocatum,
676 1954 716 1994 ex
739 1955 803 2019 quo
826 1933 951 2001 incolae
973 1937 1147 2020 quotannis
1169 1933 1368 2020 aegrotando
1391 1933 1577 1997 laborantes

432 2035 608 2124 aliquando
643 2046 860 2120 pervenerunt
893 2034 935 2097 ad
963 2035 1009 2097 M.
1038 2034 1217 2100 Hostilium
1244 2036 1286 2100 ab
1314 2057 1417 2122 eoque
1445 2033 1576 2121 publice

432 2149 580 2225 petentes
596 2140 853 2223 impetraverunt
868 2145 904 2198 ut
918 2137 947 2199 is
962 2135 1116 2200 idoneum
1131 2137 1238 2202 locum
1257 2138 1300 2200 ad
1322 2137 1450 2201 moenia
1471 2146 1576 2200 trans-

385 2258 416 2304 lo
432 2239 567 2303 ferenda
599 2237 804 2321 conquireret
831 2235 1040 2324 eligeretque.
1090 2248 1167 2302 tunc
1195 2241 1223 2304 is
1251 2248 1393 2303 moratus
1422 2260 1487 2302 non
1514 2247 1575 2320 est,

435 2342 492 2405 scd
521 2340 630 2403 statim
658 2337 839 2401 rationibus
868 2337 1056 2404 doctissime
1090 2341 1246 2428 quaesitis
1282 2339 1460 2405 secundum
1488 2361 1578 2402 mare

434 2451 595 2505 mercatus
624 2448 673 2502 est
700 2441 939 2525 possessionem
966 2439 1036 2507 loco
1059 2440 1183 2506 salubri
1204 2442 1246 2505 ab
1274 2451 1453 2529 senatuque
1475 2464 1576 2528 popu·
1633 2440 1641 2448 ²

434 2542 529 2629 loque
551 2542 696 2605 Romano
724 2543 819 2628 petiit
843 2551 877 2605 ut
905 2540 1017 2607 liceret
1044 2543 1221 2607 transferre
1250 2544 1422 2631 oppidum,
1458 2543 1577 2606 consti-

434 2647 563 2730 tuitque
590 2644 717 2706 moenia
744 2653 776 2707 et
797 2665 888 2706 areas
911 2643 1027 2709 divisit
1048 2667 1244 2732 nummoque
1267 2647 1416 2710 sestertio
1439 2641 1578 2728 singulis

386 2766 418 2813 ao
436 2744 656 2831 municipibus
679 2746 841 2832 mancipio
864 2743 965 2809 dedit.
1010 2745 1062 2810 his
1085 2748 1241 2812 confectis
1263 2745 1370 2811 lacum
1392 2747 1520 2832 aperuit
1542 2745 1578 2807 in

435 2870 524 2910 mare
541 2857 572 2911 et
587 2856 717 2934 portum
740 2870 757 2910 e
779 2846 851 2910 lacu
874 2848 1052 2934 municipio
1075 2851 1221 2937 perfecit.
1265 2851 1376 2936 itaque
1398 2869 1484 2913 nunc
1507 2844 1577 2911 Sal·

435 2952 506 3037 pini
521 2959 673 3038 quattuor
694 2949 785 3014 milia
806 2973 962 3037 passuum
984 2952 1150 3038 progressi
1171 2951 1214 3016 ab
1229 2951 1349 3038 oppido
1365 2950 1469 3014 veteri
1484 2948 1576 3013 habi-

379 3134 381 3138 ·
434 3063 506 3117 tant
527 3049 562 3117 in
585 3052 708 3117 salubri
729 3052 811 3118 loeo.

393 3172 418 3222 V
520 3156 601 3221 (lum
631 3177 708 3239 ergo
730 3156 781 3219 his
803 3156 987 3220 rationibus
1011 3157 1072 3219 erit
1095 3154 1296 3220 salubritatis
1317 3154 1481 3220 moenium
1504 3170 1610 3217 con-1

384 3276 418 3324 25
435 3256 645 3322 locandorum
674 3254 850 3340 explicatio
878 3258 1093 3342 regionesque
1121 3256 1253 3333 electae·
1270 3256 1393 3318 fuerint
1414 3254 1577 3319 fructibus

435 3358 478 3419 ad
510 3356 661 3420 alendam
695 3357 862 3418 civitatem
896 3358 1046 3442 copiosae
1075 3367 1107 3421 et
1134 3360 1263 3421 viarum
1295 3358 1493 3421 munitiones
1520 3364 1578 3418 aut

436 3458 694 3543 opportunitates
708 3456 880 3520 fluminum
895 3479 951 3521 seu
966 3480 1025 3543 per
1046 3468 1158 3544 portus
1180 3461 1324 3523 marinae
1346 3457 1577 3523 subvectiones

505 3648 631 3694 tantem
651 3661 698 3695 om.
721 3646 755 3695 L.
778 3640 790 3704 ll
818 3647 1023 3713 3aquilegiam
1042 3648 1093 3697 GH
1115 3646 1177 3711 (Le,
1200 3649 1318 3699 -leiam
1337 3648 1382 3711 ld).
1410 3645 1423 3714 [l
1451 3650 1465 3698 7
1487 3662 1576 3712 neque

436 3730 567 3796 pflumina
587 3730 620 3779 G:
641 3745 729 3794 neque
747 3730 859 3788 flumina
877 3732 908 3780 H
918 3729 997 3798 (Llc).
1010 3729 1022 3798 ΙΙ
1033 3734 1191 3797 pomptinae
1209 3734 1238 3782 H
1261 3733 1412 3797 (pomptine
1432 3730 1480 3796 lc),
1502 3748 1577 3796 pom-

437 3817 494 3883 tine
514 3811 603 3878 Gla).
627 3809 639 3879 l)
666 3816 849 3879 8putescunt
873 3815 923 3864 GH
940 3814 987 3878 (Ic,
1010 3821 1173 3882 putrescunt
1191 3815 1235 3881 L).
1259 3813 1271 3883 l)
1293 3819 1309 3867 9
1332 3825 1391 3867 ante
1416 3818 1482 3866 item
1506 3817 1578 3868 rubr.

435 3903 493 3953 mai.
513 3898 603 3948 VIIII.
622 3898 664 3947 De
684 3900 833 3964 municipio
852 3900 985 3960 (municio
1003 3900 1041 3964 H)
1062 3901 1094 3951 de
1113 3902 1174 3951 loco
1188 3898 1317 3951 inlocum
1338 3899 1418 3964 (—or'r
1431 3902 1469 3964 H)
1488 3906 1578 3950 trans·

435 3985 502 4035 lato.
523 3985 582 4034 GH.
604 3978 617 4048 l)
647 3983 678 4033 to
701 3982 833 4033 diomedis
851 3985 887 4034 H.
917 3980 930 4049 fl
954 3986 984 4033 ll
1004 3985 1110 4050 elphias
1131 3986 1188 4038 GH.
1211 3982 1225 4053 Ι]
1253 3987 1284 4035 12
1309 3989 1414 4050 exdquo
1432 3988 1481 4035 Hc.
1504 3982 1516 4051 ΙΙ
1545 3987 1577 4035 13

629 4072 648 4097 m

439 4104 475 4153 ffi.
488 4105 517 4152 H
535 4101 593 4165 (Le,
604 4072 646 4156 cii.
666 4112 702 4161 οῦ,
722 4117 783 4151 eum
802 4102 825 4164 a,
845 4118 880 4164 m,
899 4101 927 4169 l).
946 4106 1042 4153 marcii
1057 4104 1087 4153 G.
1104 4100 1116 4170 l)
1134 4106 1166 4153 14
1183 4108 1213 4154 nt
1231 4105 1255 4153 is
1267 4102 1337 4167 (iis):
1356 4109 1386 4152 ut
1401 4104 1444 4153 his
1457 4104 1486 4151 H
1498 4101 1577 4167 (hle),

437 4205 478 4252 uti
495 4204 538 4254 his
559 4204 587 4252 G.
611 4199 623 4269 [l
647 4205 679 4254 18
697 4218 809 4254 romano
824 4203 852 4259 θ,
867 4201 890 4255 i.
905 4205 932 4252 H
951 4203 992 4267 (.r.
1005 4206 1037 4263 L,
1047 4187 1081 4258 ᾗ,
1100 4203 1145 4268 le).
1156 4201 1168 4271 l)
1180 4205 1251 4270 petit
1270 4205 1298 4268 (i.
1312 4222 1334 4255 e.
1353 4202 1446 4270 petiit)
1466 4206 1495 4253 H
1508 4202 1577 4269 (Llc)
1635 4235 1642 4244 κ

437 4291 465 4336 et
482 4296 541 4338 ante
559 4304 628 4338 corr.
649 4284 826 4353 alliceret:
845 4287 951 4338 diceret
968 4295 1028 4337 uate
1046 4304 1098 4340 ras.
1120 4290 1148 4338 G.
1172 4286 1185 4355 ΙΙ
1207 4292 1240 4340 20
1257 4290 1397 4354 mancipia
1408 4292 1443 4339 L.
1463 4286 1475 4357 l)
1497 4293 1529 4340 22
1543 4290 1578 4339 ad

391 4426 396 4432 .
438 4372 537 4437 oppido
556 4380 615 4422 ante
638 4390 707 4423 corr.
726 4375 763 4423 H.
776 4368 787 4437 ΙΙ
799 4373 890 4422 veteri
913 4373 942 4422 H
955 4370 1039 4437 (Llc):
1069 4377 1164 4422 vetere
1189 4373 1218 4425 G.
1242 4369 1255 4439 l)
1278 4376 1309 4423 23
1328 4375 1356 4422 in
1375 4374 1502 4440 H(Llc):
1529 4392 1576 4426 om.

439 4451 579 4515 (habitant
596 4457 713 4520 salubri)
734 4458 762 4507 6.
786 4452 799 4522 l)
821 4458 855 4506 24
872 4457 943 4509 rubr.
961 4457 1019 4507 mai.
1042 4457 1067 4504 X
1091 4454 1165 4518 (oum.
1188 4473 1235 4507 om.
1254 4457 1303 4520 H).
1326 4458 1369 4507 De
1388 4458 1576 4509 fundamentis

438 4552 575 4588 murorum
603 4539 750 4602 (murorum
777 4548 836 4591 ante
863 4557 931 4593 corr.
960 4556 1006 4590 om.
1039 4538 1071 4601 G)
1095 4543 1123 4589 et
1154 4542 1268 4589 turrium
1292 4543 1543 4596 constitutionibus.
1563 4541 1576 4610 l)

438 4622 574 4670 moenium
592 4625 671 4675 Phia:
700 4640 867 4673 mmoemum
889 4627 946 4673 GH.
968 4621 981 4690 Η
1008 4625 1039 4672 27
1058 4626 1150 4687 portos
1171 4625 1200 4677 G.
1218 4621 1229 4690 ΙΙ
1252 4624 1446 4676 subvectiones
1467 4629 1516 4675 GH
1535 4625 1577 4691 (tr,

437 4705 624 4755 subvectionis
642 4709 687 4771 L).
