3984 5825
447 652 508 716 116
580 732 584 740 α
939 665 1098 712 vrrauvn

446 844 543 906 quam
564 842 625 883 nec
646 819 767 882 molere
788 840 849 882 nec
871 840 1002 882 camere
1023 841 1104 904 opus
1134 826 1197 900 est,
1226 816 1285 880 sed
1307 817 1355 879 sic
1377 823 1427 877 est
1457 811 1590 877 subtilis

401 963 403 967 ·
448 921 720 1009 quemadmodum
743 921 771 984 si
794 943 858 1006 qua
880 929 929 984 est
951 941 1049 984 manu
1071 928 1205 984 contusa
1228 928 1260 982 et
1283 918 1445 982 subereta.

379 1037 432 1086 vll
530 1022 662 1088 Colores
677 1045 754 1087 vero
769 1020 827 1085 alii
849 1032 924 1086 sunt
946 1023 1003 1108 qui
1024 1043 1082 1109 per
1097 1043 1132 1085 se
1154 1023 1251 1084 certis
1273 1019 1352 1084 locis
1375 1026 1590 1105 procreantur

446 1135 477 1189 et
499 1125 576 1187 inde
597 1124 783 1207 fodiuntur,
811 1121 959 1187 nonnulli
981 1145 1023 1185 ex
1044 1121 1117 1186 aliis
1139 1122 1235 1186 rebus
1258 1119 1506 1186 tractationibus
1530 1128 1590 1183 aut

413 1241 429 1289 5
446 1228 661 1292 mixtionibus
676 1212 904 1313 temperaturis
921 1225 1093 1312 compositi
1108 1224 1333 1310 perficiuntur,
1356 1224 1406 1287 uti
1420 1231 1589 1309 praestent

446 1328 582 1391 eandem
595 1307 643 1391 ‘in
671 1327 823 1416 operibus
851 1326 1037 1392 utilitatem.
1080 1327 1219 1412 primum
1245 1336 1356 1390 autem
1385 1339 1622 1411 exponemusl

445 1452 526 1514 quae
553 1451 611 1516 per
633 1450 668 1493 se
690 1431 861 1493 nascentia
888 1427 1072 1510 fodiuntur,
1101 1428 1149 1490 uti
1171 1426 1212 1491 sil
1241 1428 1328 1513 quod
1355 1449 1472 1511 graece
1494 1449 1588 1510 ωχρα

445 1529 575 1595 dicitur.
620 1530 700 1594 haec
721 1552 799 1594 vero
820 1529 932 1593 multis
955 1528 1035 1592 locis
1055 1537 1091 1592 ut
1114 1529 1212 1592 etiam
1233 1530 1268 1591 in
1289 1528 1387 1594 Italia
1406 1529 1587 1610 invenitur,

445 1632 502 1695 sed
525 1653 607 1716 quae
629 1630 736 1695 fuerat
758 1633 880 1718 optima
901 1631 1014 1695 Attica
1035 1630 1110 1694 ideo
1132 1652 1218 1693 nunc
1239 1653 1305 1694 non
1331 1628 1471 1694 habetur
1498 1628 1587 1716 quod

395 1749 426 1796 10
444 1732 585 1798 Athenis
601 1734 728 1815 argenti
750 1732 880 1796 fodinae
895 1754 968 1795 cum
989 1731 1173 1796 habuerunt
1195 1730 1352 1814 familias,
1375 1741 1454 1796 tunc
1469 1753 1588 1818 specus

444 1834 505 1898 sub
533 1844 620 1898 terra
646 1832 855 1897 fodiebantur
876 1832 917 1896 ad
947 1843 1117 1918 argentum
1145 1832 1390 1897 inveniendum.
1435 1855 1510 1896 cum
1540 1831 1587 1895 ibi

444 1958 527 1998 vena
561 1936 644 2000 forte
667 1936 886 2017 inveniretur,
915 1933 1124 2000 nihilominus
1147 1935 1196 1998 uti
1217 1943 1389 2019 argentum
1410 1955 1586 2020 perseque-

426 2037 577 2118 bantur,
600 2038 711 2122 itaque
732 2025 859 2122 antiqui
881 2038 1014 2120 egregia
1036 2038 1129 2123 copia
1144 2034 1214 2099 silis
1236 2036 1279 2098 ad
1301 2034 1494 2122 politionem
1511 2056 1588 2121 ope-

442 2161 513 2202 rum
529 2147 604 2202 sunt
626 2138 688 2201 usi.
732 2140 811 2201 item
832 2136 982 2203 rubricae
998 2140 1127 2225 copiose
1148 2137 1259 2201 multis
1281 2136 1360 2201 locis
1384 2138 1587 2219 eximuntur,
1608 2152 1624 2198 a

394 2257 425 2304 15
443 2240 501 2302 sed
524 2241 665 2325 optimae
685 2240 812 2324 paucis,
837 2248 871 2325 ut
892 2223 997 2304 Ponto
1014 2239 1149 2326 Sinope,
1173 2248 1204 2302 et
1219 2239 1389 2325 Aegypto,
1411 2239 1447 2303 in
1462 2237 1587 2325 Hispa-

442 2343 497 2404 nia
519 2340 726 2420 Balearibus,
756 2357 822 2404 non
840 2334 950 2440 Qus
973 2343 1070 2404 etiam
1091 2340 1230 2423 Lemno,
1259 2343 1351 2405 cuius
1377 2339 1506 2404 insulae
1530 2357 1602 2407 via-s
1647 2358 1649 2363 ’

444 2441 576 2526 ctigalia
591 2441 848 2506 Atheniensibus
866 2440 996 2507 senatus
1018 2440 1220 2528 populusque
1234 2441 1397 2506 Romanus
1421 2443 1588 2506 concessit

442 2543 590 2607 fruenda.
634 2544 857 2630 paraetonium
872 2565 951 2607 vero
966 2566 1009 2606 ex
1030 2544 1111 2630 ipsis
1134 2541 1214 2608 locis
1229 2543 1317 2608 unde
1338 2544 1462 2608 foditur
1483 2543 1587 2607 habet
1606 2559 1621 2606 3

441 2667 569 2708 nomen.
619 2645 732 2708 eadem
753 2646 878 2709 ratione
899 2645 1070 2728 melinum,
1100 2643 1187 2731 quod
1214 2647 1282 2708 eius
1304 2644 1471 2709 metallum
1492 2646 1585 2708 insu-

391 2762 424 2809 20
442 2744 492 2807 lae
515 2744 641 2832 cycladi
671 2745 758 2810 Melo
787 2747 908 2812 dicitur
936 2768 1017 2810 esse.
1068 2756 1156 2809 creta
1178 2744 1294 2810 viridis
1323 2747 1400 2811 item
1428 2745 1621 2833 pluribust

441 2845 519 2910 locis
552 2849 712 2933 nascitur,
746 2847 804 2913 sed
837 2851 959 2939 optima
987 2849 1156 2936 Smyrnae.
1209 2848 1293 2922 hanc
1324 2838 1432 2913 autem
1461 2846 1587 2934 Graeci

388 2959 391 2966 '
440 2950 617 3014 θεοδοτιον
644 2959 778 3033 vocant,
809 2951 895 3036 quod
923 2951 1111 3015 Theodotus
1140 2952 1270 3016 nomine
1296 2950 1403 3015 fuerat
1425 2951 1521 3014 cuius
1549 2952 1586 3013 in

439 3051 541 3116 fundo
556 3053 591 3114 id
605 3073 708 3136 genus
724 3061 829 3115 cretae
850 3054 991 3137 primum
1006 3062 1055 3116 est
1076 3053 1257 3116 inventum.
1292 3053 1583 3139 auripigmentum,
1604 3070 1619 3115 5

440 3152 527 3239 quod
555 3170 733 3236 αρσενικον
765 3174 880 3236 graece
912 3152 1049 3235 dicitur,
1083 3154 1208 3217 foditur
1235 3154 1350 3217 Ponto.
1400 3153 1585 3217 sandaraca
1626 3172 1633 3179 ·

388 3268 421 3317 25
439 3256 517 3317 item
539 3252 686 3339 pluribus
709 3252 804 3335 locis,
829 3254 887 3317 scd
902 3257 1023 3340 optima
1045 3259 1149 3322 Ponto
1164 3256 1314 3341 proxime
1328 3254 1450 3319 flumen
1465 3254 1584 3341 Hypa-

438 3355 504 3415 nim
527 3353 625 3415 habct
647 3353 823 3419 metallum.

506 3612 523 3686 1·
538 3608 767 3660 substineant:
786 3609 914 3659 subtilius
926 3611 1012 3660 ΕΘΗ.
1030 3608 1042 3677 ΙΙ
1058 3612 1217 3673 taliissunt
1227 3613 1265 3662 Η.
1282 3609 1294 3681 ΙΙ
1315 3617 1496 3680 procreantur
1508 3612 1584 3668 Ea:

436 3693 635 3761 procrehentur
651 3693 684 3741 Η
699 3693 741 3756 (lc,
759 3698 936 3758 procreentur
953 3692 1020 3757 Mc),
1044 3692 1056 3762 ΙΙ
1079 3697 1095 3747 5
1113 3698 1289 3749 mixtionibus
1313 3699 1521 3763 temperaturis:
1544 3702 1585 3749 sie

436 3779 523 3831 ΕΘΗ.
539 3774 551 3845 ΙΙ
566 3778 582 3827 6
602 3777 716 3827 eandem
733 3778 894 3842 inoperibus
911 3780 973 3832 EG:
991 3780 1137 3833 iueandem
1154 3782 1313 3848 inoperibus
1324 3781 1357 3832 H
1372 3781 1413 3847 (tr,
1432 3780 1584 3833 incandem

429 3864 567 3930 operibus
585 3861 631 3926 L).
655 3858 667 3929 ll
688 3865 703 3913 7
722 3862 757 3912 sil
776 3862 846 3927 quod
864 3862 959 3921 Scias,
974 3865 1071 3930 siquod
1089 3867 1174 3919 ΕΘΗ.
1192 3862 1204 3932 ll
1221 3867 1319 3917 achras
1336 3867 1423 3917 ΕΘΗ.
1440 3863 1485 3934 119
1505 3868 1583 3919 atica

435 3951 474 4000 H.
490 3946 503 4016 ΙΙ
520 3951 551 3999 10
563 3948 731 3998 habuerunt:
749 3949 788 3997 sic
800 3947 884 3998 EGH.
900 3944 913 4014 Η
929 3951 961 3998 12
973 3951 1207 4016 persequebantur
1219 3951 1269 4001 EG
1275 3968 1281 4003 :
1300 3951 1417 4000 -batur
1427 3952 1460 4001 H
1469 3952 1554 4016 (Llc).
1568 3951 1580 4018 ll

437 4037 469 4085 13
482 4034 602 4099 antiqui:
622 4038 687 4082 ante
699 4032 731 4083 Ε.
749 4027 760 4097 ll
778 4033 893 4098 agragia
905 4035 943 4089 H.
959 4030 971 4100 Η
989 4036 1021 4083 14
1033 4035 1119 4085 usuE
1131 4042 1155 4084 et
1167 4042 1226 4085 uate
1239 4052 1307 4090 corr.
1323 4034 1351 4087 Θ.
1370 4030 1382 4101 Η
1397 4034 1481 4086 locis:
1503 4036 1582 4087 exlo-
1674 4083 1677 4090 .

436 4118 476 4167 cis
496 4120 527 4167 Ε.
545 4114 557 4183 {l
572 4119 603 4167 15
615 4122 698 4182 ponto
716 4116 812 4181 sinope
829 4118 891 4167 EG:
910 4117 1009 4183 pantos
1022 4120 1103 4183 inope
1115 4120 1145 4167 H
1162 4116 1205 4183 (L,
1224 4124 1322 4183 pontus
1335 4119 1416 4184 inope
1430 4123 1460 4178 lc,
1480 4118 1583 4185 pont0.

434 4202 516 4266 inope
534 4202 570 4263 b).
591 4198 603 4267 Η
624 4203 655 4251 16
673 4201 833 4251 balearibus
846 4202 927 4252 ΕΘΗ
936 4202 980 4266 (L,
993 4204 1155 4253 bersaribus
1166 4202 1225 4267 leb).
1246 4199 1257 4269 ΙΙ
1279 4204 1310 4254 17
1328 4202 1499 4269 populosque
1519 4214 1582 4255 ante

434 4302 504 4336 corr.
522 4287 559 4338 H.
582 4282 595 4352 ΙΙ
619 4289 649 4336 18
667 4286 845 4336 Parthonium
858 4287 890 4345 Ε,
908 4276 1105 4337 Parethonium
1118 4286 1146 4347 Θ,
1165 4288 1339 4352 paretonium
1358 4287 1387 4337 H
1404 4285 1485 4350 (Ltc).
1509 4285 1522 4355 ΙΙ
1545 4292 1581 4360 111

434 4373 544 4420 ratione
570 4368 699 4419 melinum
716 4369 767 4420 ΕΘ
789 4369 876 4436 (lccb):
895 4370 1028 4420 rationem
1043 4372 1048 4434 Ι
1065 4371 1166 4421 elinum
1183 4371 1216 4419 H
1230 4370 1376 4433 (rationem
1394 4372 1499 4422 elinum
1518 4382 1583 4423 ante
1659 4423 1663 4432 ,

433 4471 503 4505 corr.
520 4471 546 4512 c,
565 4456 672 4504 ratione
695 4454 769 4504 elinir
796 4455 836 4518 L).
857 4452 869 4520 ss
893 4456 952 4504 eius
975 4454 1119 4504 metallum
1141 4471 1201 4519 epo:
1229 4456 1289 4505 eius
1311 4455 1420 4505 metalli
1441 4457 1526 4506 ΕΘΗ
1542 4456 1583 4520 (et

433 4538 516 4601 epit).
534 4534 590 4604 {121
604 4540 707 4589 smirne
722 4540 775 4589 ΘΗ
790 4536 817 4601 (l,
829 4556 898 4604 -ne
917 4540 980 4598 ch,
999 4554 1106 4605 smyrne
1119 4539 1164 4601 E).
1186 4536 1198 4605 ΙΙ
1214 4540 1247 4588 22
1266 4539 1331 4589 theo
1344 4521 1479 4590 dotefieH
1494 4540 1529 4605 (r,
1548 4542 1582 4591 th

434 4622 548 4671 aodoter'r
561 4620 631 4685 Lib),
645 4622 807 4673 theothotcir
819 4624 875 4674 ΕΘ.
891 4620 904 4689 ΙΙ
920 4625 953 4674 24
963 4624 1108 4674 arsenicon
1120 4624 1205 4677 ΕΘΗ.
1221 4620 1234 4692 Η
1251 4631 1337 4689 ponto
1347 4624 1505 4675 sandaraca
1516 4625 1568 4675 ΕΘ
1575 4641 1582 4676 :

432 4709 531 4770 pontes
549 4705 670 4758 audarea
687 4708 718 4757 Η
733 4707 828 4774 (ponto
840 4708 976 4760 sandarea
988 4711 1051 4772 Lali,
1070 4711 1146 4759 -ria
1158 4706 1186 4775 1).
1203 4707 1215 4777 ΙΙ
1231 4712 1264 4762 25
1277 4710 1336 4775 hy(i
1346 4710 1475 4776 Glpanim
1487 4710 1581 4762 ΕΘΗ.
