3984 5825
523 648 584 714 116
1010 664 1167 714 vrrsuvn

520 821 548 882 si
572 820 627 904 qui
662 818 802 883 volucrit
823 819 866 881 ad
889 820 1067 905 perfeetum
1091 820 1187 883 facile
1209 820 1402 907 perducere,
1426 819 1666 883 animadvertat

521 921 553 982 in
571 928 716 983 extremo
732 919 815 983 libro
831 921 1032 1004 diagramma
1047 923 1173 984 musica
1187 922 1311 985 ratione
1335 922 1553 1005 designatum,
1579 923 1665 1007 quod

519 1022 736 1084 Aristoxenus
752 1044 869 1106 magno
889 1023 1004 1106 vigore
1020 1030 1051 1083 et
1075 1023 1238 1086 industria
1259 1024 1441 1107 generatim
1464 1022 1582 1086 divisis
1597 1046 1664 1086 rno-

519 1122 743 1187 dulationibus
771 1125 985 1187 constitutum
1013 1123 1156 1210 reliquit.
1201 1124 1242 1187 de
1270 1148 1333 1211 quo
1362 1127 1389 1188 si
1413 1127 1469 1210 qui
1492 1125 1664 1188 ratiocina-

486 1225 665 1288 5tionibus
694 1224 744 1287 his
775 1224 968 1306 attenderit,
1000 1224 1042 1288 ab
1064 1234 1182 1288 natura
1204 1228 1293 1290 vocis
1316 1225 1359 1289 ad
1382 1225 1586 1289 audientium
1609 1225 1664 1287 de-

520 1325 712 1390 lectationes
739 1325 870 1389 facilius
899 1325 1039 1389 valuerit
1060 1327 1260 1391 theatrorum
1283 1327 1413 1390 efficere
1435 1327 1664 1413 perfectiones,

604 1426 702 1489 Dicet
717 1426 835 1512 aliquis
859 1426 942 1492 forte
963 1426 1066 1490 multa
1088 1430 1216 1491 theatra
1238 1429 1409 1514 quotannis
1431 1429 1555 1492 Romae
1578 1428 1666 1492 facta
1684 1445 1699 1491 7

518 1550 591 1592 esse
618 1550 723 1614 neque
751 1527 849 1591 ullam
876 1531 1036 1592 rationem
1063 1529 1178 1592 harum
1201 1552 1310 1594 rerum
1332 1532 1367 1592 in
1388 1529 1439 1592 his
1463 1530 1582 1612 fuisse,
1606 1530 1663 1592 sed

518 1629 640 1694 errabit
674 1630 708 1692 in
737 1651 784 1712 eo,
814 1631 900 1716 quod
924 1631 1033 1694 omnia
1056 1631 1188 1716 publiea
1210 1630 1318 1715 lignea
1339 1631 1467 1694 theatra
1488 1631 1664 1695 tabulatio-

468 1745 499 1793 10
516 1754 574 1796 nes
603 1731 725 1794 habent
753 1731 949 1817 complures,
980 1753 1060 1816 quas
1088 1754 1220 1795 necesse
1248 1741 1296 1795 est
1323 1755 1448 1797 sonare.
1501 1733 1563 1797 hoe
1586 1754 1664 1794 vero

517 1832 592 1896 licet
612 1833 873 1896 animadvertere
896 1833 994 1895 etiam
1017 1834 1058 1896 ab
1081 1833 1295 1917 citharoedis,
1319 1834 1375 1920 qui
1398 1835 1565 1921 superiore
1588 1843 1664 1897 tono

517 1956 589 1997 cum
623 1933 737 1997 volunt
766 1956 898 2017 canere,
933 1943 1086 1998 avertunt
1115 1957 1150 1998 se
1178 1935 1220 1997 ad
1249 1957 1385 1998 scaenae
1412 1934 1527 1999 valvas
1558 1943 1590 1998 et
1618 1935 1664 1996 ita

515 2036 677 2121 recipiunt
699 2035 742 2099 ab
765 2059 874 2099 earum
897 2035 1021 2098 auxilio
1044 2037 1288 2100 consonantiam
1312 2039 1413 2101 vocis.
1458 2059 1531 2100 eum
1555 2046 1663 2100 autem

516 2157 558 2199 ex
585 2135 698 2200 solidis
729 2137 826 2201 rebus
855 2137 984 2201 theatra
1012 2140 1268 2220 constituuntur,
1298 2138 1333 2201 id
1362 2148 1475 2202 estex
1499 2147 1663 2203 structura

468 2255 498 2302 15
519 2247 775 2321 caementorum,
805 2239 932 2325 lapide,
961 2261 1136 2320 marmore,
1166 2262 1248 2325 quae
1278 2262 1394 2303 sonare
1421 2263 1485 2304 non
1512 2250 1661 2327 possunt,

515 2351 592 2405 tunc
621 2338 727 2402 echeis
755 2339 818 2403 hac
845 2343 970 2404 ratione
997 2349 1073 2404 sunt
1102 2340 1308 2426 explicanda.
1360 2343 1411 2405 sin
1432 2351 1542 2405 autem
1564 2362 1660 2427 quae·
1675 2359 1694 2410 '8

513 2443 597 2505 ritur
630 2443 665 2504 in
699 2463 762 2528 quo
795 2441 921 2533 theatro
950 2464 987 2505 ea
1018 2444 1083 2506 sint
1111 2443 1214 2525 faeta,
1248 2442 1371 2506 Romae
1397 2465 1461 2506 non
1489 2465 1660 2528 possumus

515 2542 687 2606 ostendere
714 2542 772 2606 sed
800 2545 834 2606 in
862 2543 978 2607 Italiae
1006 2545 1195 2628 regionibus
1221 2554 1253 2608 et
1282 2546 1316 2607 in
1344 2543 1492 2631 pluribus
1517 2543 1660 2608 Graeco·

514 2666 585 2707 rum
608 2637 814 2728 civitatibus,
845 2647 1006 2731 etiamque
1028 2656 1191 2710 auctorem
1214 2645 1373 2709 habemus
1392 2646 1532 2710 Lucium
1553 2646 1659 2710 Mum-

463 2763 496 2810 ao
514 2746 630 2827 mium,
654 2747 709 2832 qui
732 2746 841 2810 diruto
863 2746 989 2810 theatro
1013 2746 1256 2812 Corinthiorum
1278 2747 1377 2810 echea
1400 2769 1501 2811 aenea
1521 2748 1659 2811 Romam

420 2867 425 2872 ’
514 2847 700 2936 deportavit
716 2858 747 2913 et
762 2848 803 2911 de
817 2848 980 2913 manubiis
1003 2849 1047 2911 ad
1068 2847 1183 2911 aedem
1205 2849 1318 2913 Lunae
1341 2847 1519 2913 dedicavit.
1563 2848 1658 2911 multi

513 2952 611 3014 etiam
627 2949 773 3016 sollertes
795 2951 981 3032 architecti,
1005 2952 1059 3037 qui
1083 2953 1116 3015 in
1140 2952 1270 3038 oppidis
1292 2972 1358 3014 non
1380 2953 1508 3035 magnis
1530 2951 1659 3015 theatra

512 3054 768 3134 constituerunt,
791 3060 923 3138 propter
937 3053 1081 3138 inopiam
1096 3051 1252 3116 fictilibus
1268 3052 1366 3116 doliis
1389 3054 1435 3116 ita
1464 3052 1657 3117 sonantibus

513 3153 624 3216 electis
652 3153 713 3216 hac
740 3153 987 3217 ratiocinatione
1014 3154 1202 3239 compositis
1231 3154 1438 3240 perfecerunt
1463 3152 1656 3218 utilissimos

462 3271 494 3319 25
512 3257 656 3319 effeetus.
1274 3319 1277 3324 i

461 3373 500 3421 Vl
597 3356 707 3441 Ipsius
739 3365 847 3419 autem
881 3357 1002 3422 theatri
1035 3358 1247 3421 conformatio
1279 3359 1327 3421 sic
1355 3367 1404 3422 est
1428 3358 1580 3422 facienda
1607 3360 1686 3423 uti1

495 3478 608 3542 „quam
637 3478 757 3541 magna
783 3458 892 3521 futura
920 3469 969 3523 est
995 3459 1188 3545 perimetros
1211 3461 1285 3542 imi,
1315 3469 1426 3524 centro
1448 3460 1557 3525 medio
1580 3483 1654 3526 eon·

512 3556 617 3620 locato
644 3558 883 3644 circumagatur
910 3559 997 3624 linea
1024 3560 1280 3643 rotundationis,
1309 3561 1344 3624 in
1372 3583 1474 3648 eaque
1502 3570 1655 3647 quattuor

581 3784 593 3831 l
613 3782 698 3847 siqui:
716 3785 754 3833 sic
773 3784 823 3833 GH
841 3782 922 3847 (hle).
948 3781 960 3850 Ι)
982 3787 999 3835 3
1017 3784 1183 3835 aristoxenis
1206 3786 1253 3835 ebt.
1277 3782 1289 3851 Ι)
1312 3789 1328 3836 5
1347 3784 1381 3835 ab
1400 3788 1500 3835 natura
1516 3788 1593 3836 vocis
1618 3785 1651 3835 sd

511 3882 571 3929 epo:
591 3866 626 3917 ad
644 3874 758 3918 naturas
777 3868 889 3932 (natura
906 3875 966 3919 ante
984 3884 1053 3922 corr.
1075 3868 1107 3932 L)
1132 3871 1209 3921 vocis
1234 3873 1262 3919 et
1286 3871 1344 3920 GH.
1374 3867 1386 3936 ΙΙ
1413 3871 1602 3934 'tquodannis
1625 3872 1658 3920 H‘

510 3949 590 4016 (hle).
612 3948 624 4018 ll
648 3956 663 4003 9
683 3953 787 4002 errabit
809 3954 890 4003 Prie:
914 3954 1018 4004 errauit
1042 3954 1100 4006 GH.
1128 3950 1139 4019 [Ι
1169 3953 1353 4004 tabulationes
1376 3955 1405 4003 H
1427 3954 1510 4018 (Melz
1534 3956 1651 4005 tribula-

510 4037 599 4086 tiones
619 4037 647 4087 6.
671 4033 683 4102 ll
708 4039 737 4085 ll
758 4038 792 4086 ab
812 4037 919 4087 cithero
938 4037 997 4087 edis
1014 4037 1046 4086 H
1062 4036 1196 4102 (—roedis
1213 4042 1244 4097 lc,
1264 4040 1298 4089 ab
1318 4036 1469 4097 cithar¹⁸L,
1487 4041 1572 4090 abiis
1589 4042 1650 4092 add.

509 4120 604 4185 cora),
632 4121 821 4186 abeitharedis
845 4122 874 4170 (ι’.
902 4118 914 4187 ΙΙ
943 4124 973 4171 12
996 4121 1093 4171 valvas
1119 4124 1176 4173 Lle:
1208 4122 1307 4174 valbas
1331 4124 1389 4172 GH.
1417 4119 1430 4189 Ι)
1457 4125 1489 4174 15
1511 4124 1606 4188 lapide
1630 4124 1651 4173 G

511 4203 570 4269 (lc):
589 4206 683 4271 lapido
701 4208 730 4255 H
751 4204 871 4270 (lapideo
889 4204 933 4264 L).
955 4201 968 4270 Ι)
991 4207 1023 4254 16
1047 4205 1140 4256 echeis
1158 4222 1217 4272 epo:
1245 4209 1323 4258 exhis
1348 4208 1407 4261 GH.
1431 4204 1442 4274 ΙΙ
1466 4209 1519 4257 hac
1541 4209 1649 4257 ratione

509 4293 574 4339 sunt
594 4289 761 4357 explicanda
777 4291 846 4341 doe:
865 4288 918 4337 hac
936 4291 1043 4338 ratione
1063 4289 1197 4353 (rationes
1215 4292 1262 4356 Hl)
1286 4297 1350 4343 sunt
1367 4292 1549 4358 explicandae
1567 4292 1650 4357 (-de

511 4374 551 4435 Gt)
572 4376 622 4425 GH
641 4375 683 4438 (le,
703 4374 737 4439 he
756 4374 878 4423 rationes
895 4373 910 4422 si
927 4373 1108 4438 explicandae
1127 4376 1171 4437 L).
1188 4373 1201 4442 1)
1222 4379 1252 4427 18
1271 4377 1429 4441 regionibus
1447 4378 1503 4427 Joc.
1523 4374 1589 4440 (b²):
1608 4393 1649 4426 re-

509 4460 606 4522 giones
625 4460 676 4509 GH
694 4456 752 4520 (leh,
771 4460 884 4524 regione
903 4457 948 4523 L).
972 4453 984 4523 ll
1007 4457 1132 4524 pluribus
1157 4461 1208 4509 GH
1230 4462 1288 4524 (L):
1316 4460 1440 4526 plurimis
1459 4464 1490 4515 lc.
1512 4457 1524 4527 ll
1554 4464 1586 4511 19
1608 4461 1648 4511 lu-

509 4545 593 4593 cium:
613 4546 650 4592 sic
670 4544 720 4593 GH
738 4542 817 4606 (Llc).
840 4538 852 4608 ΙΙ
874 4545 908 4592 20
926 4543 1013 4592 echea
1037 4559 1127 4593 aenea
1145 4544 1236 4594 Sella:
1260 4560 1294 4594 ea
1318 4560 1405 4595 aenea
1429 4547 1488 4599 GH.
1511 4543 1524 4611 Ι)
1550 4548 1584 4597 23
1602 4546 1648 4595 do·

508 4626 560 4676 leis
579 4629 630 4676 GH
648 4625 742 4691 (Llelr).
766 4623 778 4693 Ι)
800 4628 833 4678 28
851 4628 1052 4677 rotundationis
1073 4626 1171 4695 GA(L):
1191 4628 1400 4681 rutundationes
1418 4631 1450 4679 H
1464 4630 1648 4693 (rotundatio-

507 4726 556 4761 nes
573 4711 618 4779 Ie).
