3984 5825
745 707 792 754 un
815 707 1082 756 nncfflrncruan
1106 710 1174 756 me.
1199 711 1221 755 r.
1517 695 1559 759 25

413 863 593 943 favonium,
606 861 648 925 ab
661 861 937 948 septentrionibus
950 863 1214 948 septentrionem.
1239 863 1296 927 sed
1305 863 1558 950 quidiligentius

412 964 658 1052 perquisierunt
680 963 885 1028 tradiderunt
908 985 961 1028 cos
985 986 1057 1028 esse
1080 954 1162 1046 octo,
1186 965 1326 1028 maxime
1346 952 1478 1052 quidem
1489 967 1557 1030 An-

412 1066 567 1130 dronicus
588 1065 778 1153 Cyrrestes,
808 1067 863 1151 qui
886 1067 985 1130 etiam
1008 1065 1193 1153 exemplum
1216 1066 1397 1132 conlocavit
1419 1067 1558 1132 Athenis

412 1170 531 1233 turrim
559 1188 771 1232 marmoream
800 1178 983 1252 octagonon
1012 1177 1044 1232 et
1071 1169 1105 1231 in
1134 1168 1271 1254 singulis
1295 1169 1450 1233 lateribus
1473 1181 1558 1233 octa-

412 1271 493 1355 goni
520 1269 721 1355 singulorum
749 1281 921 1335 ventorum
954 1271 1115 1355 imagines
1151 1269 1316 1357 excalptas
1345 1281 1457 1335 contra
1484 1287 1593 1336 suos5

414 1373 571 1458 cuiusque
593 1372 688 1436 flatus
711 1371 911 1458 designavit,
934 1394 1096 1459 supraque
1119 1393 1190 1434 eam
1212 1373 1327 1437 turrim
1341 1383 1461 1438 metam
1476 1393 1559 1437 mar-

413 1495 557 1538 moream
570 1474 709 1561 perfecit
725 1484 757 1538 et
771 1476 906 1562 insuper
916 1473 1086 1538 Tritonem
1100 1496 1230 1538 aereum
1246 1473 1428 1540 conlocavit
1443 1475 1560 1539 dextra

414 1599 515 1640 manu
533 1553 670 1662 ‘virgam
698 1578 933 1663 porrigentem,
965 1584 997 1638 et
1019 1579 1066 1640 ita
1089 1585 1138 1639 est
1160 1576 1361 1640 machinatus
1389 1579 1439 1639 uti
1461 1587 1559 1640 vento

414 1679 691 1762 circumageretur
713 1688 745 1740 et
767 1700 895 1765 semper
916 1687 1028 1742 contra
1049 1677 1163 1741 flatum
1185 1679 1377 1742 consisteret
1398 1698 1560 1765 supraque

379 1799 396 1849 5
414 1780 592 1865 imaginem
613 1780 723 1844 flantis
741 1781 838 1844 -venti
858 1778 1001 1847 indicem
1023 1780 1151 1865 virgam
1173 1789 1308 1843 teneret.
1352 1781 1463 1866 itaque
1485 1789 1560 1844 sunt
1581 1798 1612 1845 10

414 1879 574 1946 conlocati
596 1884 682 1945 inter
704 1879 850 1946 solanum
873 1890 905 1944 et
925 1890 1072 1945 austrum
1091 1880 1133 1945 ab
1154 1881 1279 1945 oriente
1298 1879 1435 1944 hiberno
1453 1901 1559 1963 eurus,

391 1980 398 1987 ’
414 1985 501 2047 inter
516 1993 663 2048 austrum
684 1994 716 2048 et
736 1983 905 2047 favonium
924 1982 967 2047 ab
983 1982 1152 2046 occidente
1168 1981 1305 2047 hiberno
1320 1981 1451 2065 africus,
1475 1984 1562 2046 inter

412 2083 583 2149 favonium
611 2095 642 2149 et
664 2086 920 2173 septentrionem
948 2106 1079 2166 caurus,
1109 2087 1204 2170 q'uem
1231 2083 1340 2170 plures
1367 2094 1486 2148 vocant
1508 2106 1560 2149 co-

413 2209 502 2270 rum,
533 2188 619 2250 inter
641 2189 894 2274 septentrionem
916 2197 948 2250 et
971 2185 1117 2250 solanum
1145 2185 1265 2272 aquilo.
1309 2186 1371 2252 hoc
1392 2185 1488 2249 modo
1510 2187 1559 2249 vi-

417 2290 514 2353 detur
536 2311 607 2355 esse
629 2311 821 2376 expressum
841 2291 891 2352 uti
914 2289 1022 2375 capiat
1043 2310 1193 2352 numeros
1210 2298 1241 2351 ct
1256 2289 1387 2351 nomina
1403 2298 1434 2351 et
1450 2297 1558 2374 partes
1579 2305 1610 2352 15

413 2390 503 2454 rmde
519 2390 615 2455 flatus
637 2393 717 2455 certi
732 2400 903 2454 ventorum
924 2392 1060 2476 spirent.
1105 2389 1192 2476 quod
1208 2411 1281 2453 cum
1295 2391 1342 2453 ita
1357 2388 1560 2476 exploratum

416 2492 590 2570 habeatur,
625 2502 662 2556 ut
689 2492 906 2569 inveniantur>
931 2478 1080 2577 regiones
1110 2502 1141 2556 et
1170 2501 1259 2556 ortus
1288 2514 1400 2557 eorum
1428 2492 1476 2555 sic
1499 2491 1560 2555 erit

380 2615 396 2663 6
415 2594 687 2658 ratiocinandum.
731 2593 917 2659 conlocetur
935 2593 978 2657 ad
993 2592 1139 2658 libellam
1153 2615 1368 2657 marmoreum
1382 2595 1560 2658 amussium

412 2688 532 2760 mediis
555 2696 752 2778 moenibus,
770 2707 826 2760 aut
847 2695 937 2760 locus
959 2698 1007 2759 ita
1029 2695 1213 2782 expoliatur
1234 2695 1276 2758 ad
1298 2693 1443 2780 regulam
1467 2703 1499 2758 et
1521 2693 1559 2757 li·

415 2796 535 2861 bellam
556 2808 593 2862 ut
614 2799 792 2862 amussium
814 2820 879 2863 non
902 2797 1116 2879 desideretur,
1140 2819 1300 2884 supraque
1322 2798 1391 2860 eius
1407 2796 1470 2861 loci
1485 2819 1557 2859 cen·
1577 2813 1610 2862 20

412 2909 499 2963 trum
527 2898 671 2964 medium
697 2898 883 2964 conlocetur
909 2921 1031 2963 aeneus
1057 2920 1198 2983 gnomon
1221 2897 1393 2984 indagator
1414 2897 1559 2978 umbrae,

414 3003 469 3087 qui
492 3023 608 3087 graece
631 3008 819 3085 σκιαθηρας
847 3002 977 3067 dicitur.
1022 3000 1117 3064 huius
1145 2999 1402 3063 antemeridiana
1430 3001 1560 3063 circiter

413 3102 493 3167 hora
515 3105 628 3190 quinta
650 3103 807 3167 sumenda
829 3092 884 3167 esf
901 3114 1048 3167 extrema
1069 3102 1239 3188 gnomonis
1263 3100 1377 3164 umbra
1393 3111 1424 3164 et
1439 3110 1559 3186 puncto

413 3206 583 3289 signanda,
606 3205 726 3269 deinde
748 3207 870 3269 circino
893 3204 1027 3269 diducto
1056 3205 1098 3268 ad
1121 3213 1277 3289 punctum
1299 3202 1385 3288 quod
1408 3211 1457 3266 est
1478 3224 1556 3285 gno-

413 3307 517 3371 monis
544 3306 678 3370 umbrae
707 3306 921 3391 longitudinis
945 3309 1090 3390 signum,
1121 3328 1163 3368 ex
1186 3326 1223 3369 eo
1245 3326 1265 3366 a
1288 3313 1397 3369 centro
1421 3305 1555 3367 circum·
1576 3320 1608 3368 25

412 3409 540 3493 agenda
567 3408 652 3472 linea
679 3409 928 3473 rotundationis.
978 3410 1122 3494 itemque
1150 3403 1355 3471 observanda
1386 3407 1578 3492 postmeria

379 3611 382 3616 ·
482 3603 495 3647 1
516 3599 550 3648 ab
571 3598 808 3663 septentrionibus
826 3614 873 3663 epo
895 3594 945 3662 (cf.
968 3599 1036 3648 Pan.
1056 3601 1080 3655 2,
1100 3600 1158 3648 119.
1183 3596 1374 3662 septentrione
1399 3596 1496 3660 Manlz
1522 3596 1556 3646 ab

414 3681 443 3745 (a
462 3682 505 3746 Μ)
523 3682 731 3746 septentrionali
750 3682 800 3731 GH
818 3681 894 3742 [idem
913 3683 996 3731 odium
1018 3682 1066 3740 VI,
1080 3685 1103 3739 4,
1123 3676 1190 3746 2).l1
1212 3684 1227 3732 3
1245 3685 1381 3744 cyrrestes
1400 3681 1428 3730 H
1441 3679 1556 3743 (orale),

413 3771 556 3830 cyrrentes
569 3768 598 3817 G.
620 3762 632 3831 ll
652 3770 669 3817 4
687 3768 782 3816 turrim
801 3768 847 3817 6⁶:
867 3773 966 3817 turrem
984 3768 1013 3815 H
1026 3764 1094 3828 (Δία)
1114 3773 1139 3815 et
1156 3773 1215 3815 ante
1233 3781 1302 3816 corr.
1323 3766 1425 3826 Mitem
1439 3764 1521 3829 epit).
1543 3764 1554 3826 j,

413 3856 569 3917 octagonon
589 3852 616 3901 H
635 3850 667 3916 (l,
686 3856 825 3918 otagonon
843 3854 870 3901 ia
886 3867 938 3901 ras.
956 3849 1004 3915 L):
1024 3856 1179 3915 octogonon
1199 3851 1220 3900 G
1239 3848 1301 3914 (cir).
1323 3846 1335 3916 ll
1356 3850 1486 3914 octagoni
1507 3850 1556 3899 Gll

413 3969 457 4032 (L,
477 3973 606 4035 octogoni
618 3972 662 4032 lc).
681 3966 693 4035 Ι]
713 3972 728 4019 5
748 3975 896 4034 exscriptas
914 3969 943 4027 G,
963 3969 1096 4035 excalpas
1115 3970 1142 4017 H
1159 3939 1302 4034 (efcalpas
1326 3970 1373 4026 Hc,
1398 3965 1556 4030 exsculptae

415 4050 481 4118 hic).
505 4051 516 4119 ΙΙ
540 4055 674 4104 6turrim:
693 4058 730 4103 sic
744 4055 795 4103 GH
812 4071 865 4104 cum
884 4056 945 4120 epit.
966 4050 979 4121 ll
1002 4056 1034 4104 13
1053 4052 1205 4104 caurusH:
1226 4045 1556 4115 chaurnsG(Ll).llcho-

412 4154 471 4187 rum
494 4139 551 4191 GH.
575 4135 586 4204 ΙΙ
611 4140 642 4189 15
660 4154 787 4188 numeros
806 4139 842 4188 L:
869 4153 997 4189 numerus
1023 4138 1073 4188 GH
1092 4136 1145 4202 (lc).
1168 4134 1180 4203 l}
1211 4139 1242 4187 18
1260 4136 1385 4187 libellam
1411 4134 1444 4183 G:
1476 4133 1554 4182 libel-

369 4256 371 4259 ’
411 4256 468 4305 lum
487 4257 516 4305 H
540 4254 600 4320 (Llc
623 4264 648 4305 et
670 4258 704 4307 G⁶
722 4259 765 4322 qui
787 4264 869 4307 tamea
890 4259 946 4320 ipse
968 4264 1141 4307 correcturum
1162 4226 1242 4322 -dm
1260 4239 1386 4305 -rasara
1401 4258 1493 4315 postea
1512 4254 1555 4301 de-

412 4343 490 4403 lenit).
508 4337 520 4406 ΙΙ
537 4356 717 4391 marmoream
735 4349 794 4390 ante
813 4358 881 4392 corr.
901 4343 935 4391 H.
949 4339 961 4407 [1
974 4342 1108 4392 amusium
1127 4343 1156 4391 H
1166 4340 1245 4407 (Llc),
1263 4338 1419 4389 hamusium
1439 4336 1467 4385 G.
1490 4331 1502 4401 Η
1525 4339 1556 4385 19

413 4424 531 4475 moediis
553 4426 590 4474 H.
621 4423 633 4490 {l
660 4428 692 4475 20
714 4413 869 4475 bamusium
894 4426 946 4475 ol!
967 4425 1114 4489 (amusium
1137 4426 1205 4490 Llc).
1230 4423 1242 4492 ll
1265 4427 1297 4473 21
1322 4435 1425 4471 aenens
1450 4420 1472 4469 G
1494 4417 1555 4482 (L):

413 4524 514 4560 aeneos
534 4510 563 4557 H
581 4507 637 4574 (lc).
661 4507 672 4576 ΙΙ
700 4513 733 4560 22
757 4510 917 4575 succensas
939 4512 1009 4561 Joc:
1034 4511 1186 4561 scrotheres
1212 4510 1270 4560 GH.
1289 4504 1300 4573 ll
1317 4511 1381 4556 ante
1405 4505 1557 4555 merrdrana

412 4589 661 4660 (antelmeridiana
680 4594 717 4659 H)
744 4629 770 4645 ..
787 4632 793 4644 .
812 4594 878 4643 hora
900 4597 999 4659 quinta
1019 4596 1077 4645 GH.
1102 4591 1113 4659 ll
1137 4597 1168 4643 23
1191 4596 1257 4647 (item
1275 4591 1318 4655 24)
1339 4590 1480 4655 gnomonis
1506 4590 1556 4640 GH

414 4679 456 4742 (L,
475 4679 613 4745 gnominis
631 4678 673 4742 lc).
698 4675 710 4745 {l
732 4680 765 4728 25
784 4694 817 4727 ex
837 4695 868 4728 eo
888 4680 965 4732 Plu:
987 4695 1019 4728 ex
1039 4694 1127 4741 eoque
1147 4677 1278 4743 (queunte
1291 4693 1344 4729 ras,
1357 4674 1388 4741 (ι’)
1409 4677 1466 4726 GH.
1489 4672 1500 4742 ll
1523 4677 1555 4724 26

412 4763 617 4813 rotundationis
634 4764 704 4817 doe:
724 4763 916 4816 rotundacioni
937 4765 966 4824 G,
985 4761 1089 4826 r&(rot·
1108 4761 1313 4827 Llc)undationi
1331 4763 1367 4812 H.
