3984 5825
710 649 757 695 nn
779 649 1046 698 sacurrucruus
1070 650 1138 697 urs.
1163 652 1208 698 v1.
1469 640 1527 703 151

382 801 565 867 bulationes
581 810 680 888 xysta
693 801 871 889 appellant,
895 825 976 889 quas
992 802 1111 868 Gracci
1128 804 1382 888 παραδρομιὸας
1404 808 1528 872 dieunt.

382 905 462 968 item
484 907 645 988 προθυρα
672 924 788 989 graece
815 903 969 968 dicuntur
992 911 1073 991 qua'c
1097 914 1172 969 sunt
1193 915 1269 970 anto
1290 907 1403 971 ianuas
1428 913 1525 974 vcsti-

299 1038 303 1055 =
380 1003 474 1087 bula,
502 1027 560 1069 nos
588 1012 697 1069 autem
723 1005 925 1092 appellamus
952 1005 1110 1093 prothyra
1133 1029 1215 1092 quae
1237 1031 1352 1092 graece
1375 1009 1528 1076 dicuntur

343 1108 543 1193 θὸιαθυρα.
585 1108 665 1172 item
693 1107 721 1171 si
748 1129 811 1193 qua
838 1106 927 1171 virili
954 1108 1058 1192 figura
1080 1108 1174 1194 signa
1196 1109 1336 1175 mutulos
1359 1121 1414 1176 aut
1436 1134 1525 1178 coro-

380 1231 440 1274 nas
474 1208 657 1290 sustinent,
694 1209 798 1272 nostri
830 1207 1008 1274 telamones
1041 1209 1222 1297 appellant,
1258 1214 1349 1277 cuius
1382 1215 1559 1284 rationest

380 1309 462 1396 quid
495 1310 542 1376 ita
572 1317 629 1374 aut
660 1330 759 1396 quare
787 1309 938 1376 dicantur
964 1333 1007 1375 ex
1036 1311 1182 1377 historiis
1209 1334 1274 1378 non
1301 1316 1524 1397 inveniuntur,

381 1409 502 1476 Graeci
517 1432 595 1477 vero
611 1432 667 1476 eos
689 1414 853 1488 ατλαντας
875 1415 1031 1478 vocitant.
1075 1413 1171 1478 Atlas
1194 1415 1280 1478 enim
1302 1415 1439 1481 historia
1461 1417 1524 1481 for-

379 1523 489 1579 matur
503 1513 666 1595 sustinens
681 1511 854 1597 mundum,
877 1513 952 1578 ideo
974 1514 1062 1600 quod
1083 1517 1111 1580 is
1133 1516 1274 1603 primum
1296 1539 1425 1581 cursum
1448 1517 1526 1582 solis

380 1624 414 1680 et
445 1614 542 1680 lunae
574 1615 782 1702 siderumque
814 1617 958 1681 omnium
979 1619 1214 1697 „versationum
1242 1620 1383 1684 rationes
1410 1621 1525 1703 vigore

379 1718 483 1782 animi
511 1715 719 1803 sollertiaque
747 1718 874 1783 ornavit
900 1718 1087 1784 hominibus
1110 1720 1302 1802 tradendas,
1326 1737 1576 1806 aequoream

379 1819 563 1906 pictoribus
579 1828 611 1884 et
626 1820 792 1885 statuariis
816 1819 1016 1884 deformatur
1037 1843 1096 1908 pro
1118 1843 1156 1885 eo
1180 1821 1337 1886 beneficio
1360 1824 1523 1886 sustinens

379 1918 549 2002 mundum,
571 1919 722 2007 filiaeque
737 1922 807 1985 eius
822 1920 1020 2004 Atlantides,
1045 1945 1124 2008 quas
1138 1946 1196 1987 nos
1213 1922 1379 2007 vergilias,
1404 1922 1524 1988 Graeci

377 2030 490 2086 autem
505 2021 665 2099 πλειαδας
685 2024 864 2106 nominant,
888 2046 961 2087 cum
983 2024 1145 2090 sideribus
1167 2025 1204 2090 in
1225 2025 1346 2090 mundo
1369 2035 1445 2090 sunt
1467 2027 1522 2089 de-

344 2123 520 2189 vdicatae.
568 2145 629 2187 nec
656 2132 765 2188 tamen
793 2147 852 2209 ego
880 2135 917 2189 ut
943 2136 1086 2190 mutetur
1107 2127 1306 2192 consuetudo
1328 2129 1521 2192 nominatio-

376 2248 457 2290 num
487 2234 545 2290 aut
576 2227 749 2310 sermonis,
782 2225 856 2291 ideo
886 2225 967 2290 haee
993 2230 1166 2314 proposui,
1198 2229 1261 2311 ,sed
1288 2230 1337 2293 uti
1364 2252 1429 2293 non
1457 2231 1523 2295 sint
1542 2250 1572 2299 15

374 2328 492 2412 ignota
513 2325 689 2412 philologis
711 2326 905 2415 exponenda
925 2328 1080 2393 iudicavi.

463 2427 595 2510 Quibus
623 2429 912 2495 consuetudinibus
941 2429 1091 2495 aedificia
1112 2431 1228 2496 Italico
1255 2454 1343 2498 more
1366 2440 1397 2495 et
1420 2430 1521 2496 Grae-

376 2552 491 2597 corum
521 2531 682 2596 Institutio
715 2530 958 2596 conformantur
992 2534 1145 2619 exposui,
1184 2543 1216 2597 et
1249 2533 1290 2597 de
1322 2535 1521 2621 symmetriis

373 2631 581 2719 singulorum
607 2653 764 2718 generum
790 2633 1016 2720 proportiones
1038 2636 1224 2721 perscripsi.
1270 2658 1346 2719 ergo
1369 2637 1520 2721 quoniam

374 2735 418 2800 de
441 2742 613 2800 venustate
634 2734 814 2822 decoreque
835 2743 911 2800 ante
933 2745 982 2800 est
1004 2736 1239 2821 conscriptum,
1270 2759 1356 2802 nuno
1378 2759 1518 2823 expone·
1538 2757 1571 2804 20

373 2859 448 2902 mus
476 2835 518 2901 de
543 2834 697 2901 firmitate
725 2837 997 2924 quemadmodum
1024 2859 1061 2900 ca
1089 2839 1160 2901 sine
1182 2839 1273 2902 vitiis
1295 2839 1520 2925 permanentia

372 2939 417 3004 ad
440 2946 637 3005 vetustatem
657 2939 875 3006 conlocentur.

257 3069 358 3135 (vm)
461 3038 623 3106 Aedificia
650 3062 733 3128 quae
761 3041 857 3127 plano
879 3041 963 3128 pede
984 3041 1222 3123 instituuntur,
1253 3042 1283 3105 si
1305 3040 1516 3105 fundamenta
1528 3058 1568 3107 xl

373 3166 486 3210 eorum
517 3144 605 3207 iacta
636 3142 758 3208 fuerint
785 3144 832 3206 ita
859 3154 895 3208 ut
921 3144 956 3207 in
982 3143 1146 3229 prioribus
1173 3140 1266 3207 libris
1295 3141 1336 3205 de
1366 3165 1457 3208 muro
1486 3152 1517 3207 et

371 3245 510 3312 theatris
533 3266 553 3308 a
573 3245 669 3311 nobis
692 3253 742 3310 est
764 3245 964 3331 expositum,
986 3244 1027 3308 ad
1052 3253 1248 3309 vetustatem
1270 3266 1307 3309 ea
1330 3254 1424 3309 erunt
1446 3246 1516 3308 sine
1535 3263 1567 3312 ao

372 3345 579 3411 dubitatione
612 3346 715 3412 firma.
766 3346 953 3411 sinautem
979 3346 1131 3434 hypogea
1159 3348 1517 3433 concamerationesque

442 3521 456 3570 1
478 3522 560 3585 xysta
586 3520 641 3570 ert:
675 3518 750 3583 xysti
779 3518 837 3568 GH.
866 3514 878 3583 11
905 3518 1113 3582 paredromidas
1144 3519 1201 3570 GH.
1232 3516 1244 3584 11
1269 3522 1285 3569 2
1314 3499 1437 3585 prothy(l
1451 3519 1515 3585 G)ra

371 3605 434 3656 GH.
456 3600 469 3671 11
491 3608 557 3654 ente
579 3604 677 3653 ianuas
700 3603 790 3654 Selia:
818 3606 882 3652 ante
900 3604 1030 3653 inianuas
1054 3604 1112 3656 GH.
1137 3599 1149 3670 11
1172 3607 1187 3655 3
1211 3604 1306 3668 graeci
1328 3605 1357 3654 H
1380 3602 1478 3669 (sotus).
1501 3602 1513 3673 11

367 3692 386 3740 4
405 3689 537 3754 diathyra
555 3689 613 3739 GH.
633 3684 645 3754 ΙΙ
668 3689 684 3739 ὅ
701 3687 824 3738 rationes
844 3685 937 3752 G(L):
956 3688 1105 3738 rationeH
1121 3686 1175 3752 (lc).
1193 3683 1204 3753 11
1220 3690 1235 3737 7
1250 3688 1370 3739 atlantes
1384 3690 1413 3749 G,
1433 3689 1515 3739 &lan-

369 3781 418 3824 tas
435 3773 466 3822 H
482 3771 604 3838 (slantes
622 3776 638 3833 t,
658 3771 787 3823 adtentos
804 3771 879 3837 Lot).
902 3767 915 3838 11
938 3771 1031 3822 athlas
1051 3772 1080 3822 G.
1097 3768 1110 3838 11
1126 3772 1279 3822 formantur
1296 3782 1355 3825 ante
1368 3791 1436 3827 corr.
1458 3775 1487 3827 G.
1500 3771 1512 3840 11

368 3856 450 3910 ahie
472 3858 503 3907 H
525 3856 587 3923 (ct).
611 3853 624 3925 11
646 3855 853 3921 9sidarumque
868 3857 994 3914 ,omnium
1017 3857 1204 3907 versationum
1231 3859 1367 3907 rationes:
1402 3861 1440 3907 sie
1464 3859 1514 3906 GH

369 3942 456 4007 (hle),
478 3944 527 3993 aed
548 3944 584 3993 ad
605 3958 689 3994 vocem
710 3941 828 3992 omnium
842 3944 867 3981 *Υ
887 3941 1043 4007 abantiquo
1064 3956 1085 3991 c.
1107 3940 1224 4003 XIJXII
1246 3958 1318 3991 roano
1346 3941 1409 4003 (alia
1431 3949 1513 3991 taurea

368 4045 387 4078 a
406 4033 554 4079 correctore
574 4025 619 4090 6⁶)
636 4028 787 4091 inmorpine
798 4026 920 4077 contuor
943 4027 967 4062 ‘²‘
977 4022 1035 4075 ortl
1055 4043 1068 4075 o
1089 4023 1336 4089 occalu⁸lmundiq2
1357 4026 1438 4078 omni.
1452 4021 1464 4091 11
1481 4028 1513 4075 1o

368 4110 592 4163 trudonenses:
612 4110 680 4160 -da
700 4112 759 4161 GH.
783 4106 796 4175 11
819 4126 848 4161 re
865 4112 935 4161 doe:
955 4125 999 4160 res
1019 4110 1078 4160 GH.
1101 4107 1113 4175 11
1138 4112 1168 4159 12
1188 4109 1356 4167 athlantides
1377 4111 1405 4159 G.
1424 4106 1435 4174 11
1452 4125 1511 4159 ver-

368 4195 455 4261 gilias
479 4195 531 4246 GH
553 4190 602 4261 (L,
625 4194 752 4261 virgilias
770 4197 806 4257 te,
826 4211 879 4245 cum
896 4211 949 4247 ras.
970 4201 1030 4259 post
1048 4209 1098 4244 nos
1115 4194 1169 4260 H).
1195 4191 1206 4260 11
1235 4197 1266 4245 13
1289 4193 1398 4259 pliades
1418 4195 1475 4244 GH.
1498 4190 1509 4256 11

370 4281 404 4331 15
421 4280 556 4331 sermonis
579 4281 613 4331 G:
636 4295 777 4330 sermones
795 4280 824 4329 H
847 4278 926 4344 (hic).
949 4275 961 4346 11
990 4281 1030 4328 uti
1049 4295 1108 4342 epo:
1132 4282 1163 4327 ut
1182 4280 1208 4328 ei
1226 4278 1253 4339 (i.
1272 4294 1294 4327 e.
1312 4277 1381 4342 utei)
1402 4279 1452 4327 GH
1470 4275 1511 4340 (lc,

369 4368 402 4414 ut
420 4379 454 4414 ea
467 4360 574 4431 G0L).[l
596 4367 627 4415 19
646 4364 804 4430 perscripsi.
828 4365 902 4429 Ergo
923 4363 1016 4429 G(L):
1036 4363 1185 4429 perscribsi
1204 4368 1249 4413 ‘ero
1267 4365 1296 4411 H
1314 4360 1511 4428 (perscripsero

369 4449 414 4512 lc).
437 4445 449 4515 11
471 4451 505 4500 20
523 4449 678 4513 decoraque
701 4456 760 4498 ante
782 4464 850 4500 corr.
872 4450 900 4500 G.
919 4446 931 4515 11
956 4450 1152 4514 conscriptum:
1170 4450 1208 4497 aie
1233 4447 1290 4497 GH.
1313 4443 1327 4513 11
1349 4449 1380 4496 21
1404 4463 1511 4511 perma-

371 4533 467 4584 nentis
486 4532 521 4584 ad
539 4550 564 4584 v.
583 4533 775 4585 conlocentur:
803 4535 840 4584 sio
860 4535 918 4586 GH.
941 4529 953 4600 11
975 4534 1009 4583 24
1032 4535 1063 4582 ut
1087 4532 1108 4582 G
1127 4532 1185 4595 (L):
1215 4537 1263 4582 aut
1279 4534 1308 4581 II
1331 4527 1384 4596 (lo).
1409 4527 1421 4597 11
1444 4534 1476 4582 25
1494 4548 1510 4581 a

370 4618 450 4667 nobis
470 4618 491 4669 G
509 4616 570 4682 (L):
594 4619 674 4670 nobis
698 4615 755 4684 (om.
780 4618 807 4682 a)
831 4618 860 4667 H
877 4616 931 4682 (lc).
954 4613 966 4683 11
989 4634 1023 4667 ea
1043 4616 1114 4667 Ges:
1138 4632 1188 4667 eae
1209 4617 1260 4667 GH
1277 4615 1341 4681 (hae
1360 4633 1383 4680 c,
1402 4613 1507 4683 1111111

371 4703 405 4751 ‘26
421 4717 528 4768 ypogea
548 4703 607 4757 GH.
