3984 5825
450 698 515 759 ΖΨ
948 708 1104 754 YlTRU'll

451 888 507 951 per
529 864 650 926 caudas
673 885 783 924 carruu
806 884 878 923 csse
893 860 1015 923 dicitur
1029 862 1107 924 irem
1124 884 1258 947 serpeus
1280 874 1474 949 exporrecta
1496 879 1606 950 equos

450 965 543 1029 :tella
566 988 649 1050 quae
672 964 794 1026 elicitur
816 961 910 1048 polus
933 960 1050 1027 clucet.
1067 964 1189 1026 circum
1206 975 1303 1050 cuput
1319 966 1454 1030 maioris
1471 977 1582 1051 septen-

449 1069 575 1130 trionis.
619 1087 759 1150 namque
781 1087 864 1150 quem
886 1084 933 1127 est
959 1086 1116 1150 proxume
1140 1063 1330 1145 durconem,
1355 1068 1478 1130 circum
1500 1078 1582 1153 caput

449 1172 519 1233 cius
542 1167 733 1245 inuoluitur,
757 1188 820 1228 uno
845 1187 921 1228 reru
944 1167 1067 1229 circum
1089 1188 1272 1254 cynosurae
1295 1178 1394 1253 caput
1415 1169 1527 1232 iniecta
1543 1178 1579 1231 est

415 1289 431 1334 ἵ»
451 1272 538 1335 llexu
567 1281 780 1355 porrectaque
813 1269 962 1352 proxime
995 1270 1065 1330 citu
1094 1267 1205 1355 pulos.
1256 1269 1309 1333 liic
1336 1279 1447 1333 autem
1478 1271 1577 1335 intorte

450 1370 668 1458 replicataque
691 1392 726 1432 sc
747 1368 900 1433 attollcus
929 1369 1109 1433 reflectitur
1136 1392 1155 1432 u
1177 1372 1285 1457 capite
1306 1373 1444 1436 minoris
1466 1371 1506 1435 ad
1524 1395 1574 1434 ura-

451 1476 549 1537 iorem
573 1474 661 1536 circa
683 1482 825 1534 rostrum
848 1482 879 1534 ct
903 1471 1022 1556 capitis
1045 1482 1173 1557 tempus
1196 1470 1361 1536 dextrum.
1400 1475 1477 1537 item
1498 1496 1572 1560 supra

450 1573 587 1639 caudam
614 1572 748 1637 minoris
778 1571 877 1657 pedes
906 1583 981 1636 sunt
1004 1571 1128 1658 Cephei
1157 1571 1268 1659 ibique
1295 1572 1338 1636 ad
1361 1597 1516 1639 summum
1536 1598 1569 1638 ca-

449 1698 564 1739 cumen
592 1674 749 1738 facientes
778 1671 891 1736 stellae
918 1684 994 1736 sunt
1022 1675 1187 1757 trigonum
1210 1673 1346 1761 paribus
1370 1674 1517 1740 lateribus
1534 1678 1567 1739 iu-

404 1798 548 1864 iusuper
569 1776 681 1840 arietis
711 1775 852 1858 siguum.
899 1777 1132 1860 septentrionis
1160 1786 1269 1840 auteur
1297 1776 1434 1842 mineris
1462 1787 1492 1842 ct
1511 1776 1566 1842 Cas-

450 1880 560 1965 siopae
584 1875 750 1940 simulacri
772 1874 954 1961 complures
978 1889 1054 1940 suut
1077 1875 1189 1940 stellae
1212 1877 1379 1941 confusae.

534 1979 629 2059 Quae
650 1986 725 2041 sunt
752 1976 794 2038 ad
823 1977 974 2041 dextram
1002 1980 1138 2043 orientis
1169 1979 1256 2042 iuter
1285 2001 1400 2051 zonam
1430 1982 1564 2066 signorum

449 2092 480 2146 et
508 2081 764 2167 septentrionum
792 2077 901 2141 sidem
927 2080 961 2141 iu
990 2079 1078 2142 caclo
1106 2079 1266 2166 disposita
1293 2081 1377 2145 dixi.
1427 2104 1502 2146 nune
1524 2102 1563 2144 cr·

449 2183 577 2270 plicabo
600 2203 681 2267 quae
702 2180 744 2243 ad
767 2180 933 2243 sinistram
956 2181 1090 2244 orientis
1113 2180 1369 2270 meridianisque
1390 2180 1563 2270 partibusab

403 2294 566 2350 mustum
588 2293 666 2346 suut
685 2281 871 2345 distributa.

383 2404 430 2454 ru
534 2385 679 2448 Primum
701 2383 761 2446 snb
790 2385 978 2470 capricorno
1008 2384 1172 2450 subiectus
1201 2386 1301 2472 piscis
1328 2388 1488 2452 austrinus
1506 2406 1561 2448 cau·
1575 2383 1605 2452 (ll

449 2486 523 2550 (lum
545 2485 746 2573 prospiciens
768 2485 843 2548 ceti.
879 2484 921 2548 ab
944 2507 982 2550 ee
1005 2483 1047 2548 ad
1070 2487 1276 2570 sagittarium
1298 2487 1390 2553 locus
1412 2499 1459 2554 est
1472 2485 1564 2552 inanis.

449 2587 627 2652 turibulum
662 2585 722 2649 sub
756 2587 936 2672 scorpionis
970 2586 1093 2652 aculeo.
1152 2590 1296 2653 centauri
1330 2592 1455 2677 priores
1479 2596 1565 2677 partes

450 2692 616 2777 proximae
651 2696 726 2752 sunt
761 2687 864 2752 librae
891 2697 923 2751 et
951 2690 1124 2775 scorpioni.
1180 2699 1270 2754 tenet
1303 2693 1337 2755 in
1372 2691 1512 2756 monibus
1536 2685 1566 2748 ti·

398 2815 430 2859 eu
449 2791 625 2856 muliuuuu
664 2790 699 2854 id
727 2789 813 2875 quod
841 2790 981 2854 bestiam
1010 2800 1170 2855 astrorum
1204 2793 1301 2878 periti
1334 2794 1566 2859 nominaverunt.

449 2895 609 2978 virginem
633 2903 664 2958 et
686 2891 812 2958 leonem
835 2901 867 2956 et
889 2914 1041 2955 cancrum
1062 2895 1177 2978 anguis
1193 2895 1364 2982 porrigens
1386 2919 1496 2982 agmen
1510 2884 1566 2958 stet·

449 2995 552 3058 lurum
576 2996 712 3059 intortus
737 2996 909 3079 succingit,
932 2995 1065 3079 regione
1088 2996 1196 3059 cancri
1219 2998 1349 3081 erigens
1371 3008 1520 3081 rostrum,
1537 2987 1568 3055 ad

448 3096 574 3161 leonem
608 3097 780 3181 medioque
815 3118 947 3182 corpore
980 3098 1145 3160 sustinens
1177 3107 1303 3161 cratera
1329 3098 1372 3163 ad
1400 3111 1570 3184 manumque

449 3196 588 3279 virginis
618 3197 754 3260 caudam
777 3196 958 3280 subiciens,
990 3198 1024 3259 in
1047 3220 1110 3283 qua
1132 3200 1218 3263 inest
1240 3221 1369 3266 corvus
1415 3203 1574 3290 quaesunt

397 3316 430 3361 25
447 3305 554 3358 autem
589 3319 686 3382 supra
719 3299 867 3384 scapulas
901 3321 1062 3385 peraeque
1096 3311 1171 3365 sunt
1204 3300 1357 3367 lucentia.
1407 3306 1449 3369 ad
1475 3303 1577 3390 anguis
1606 3299 1611 3313 “

517 3485 529 3528 1
551 3498 643 3530 earum
658 3485 786 3548 Herr'apa:
807 3502 899 3535 eorum
915 3489 999 3539 EGH.
1023 3486 1034 3553 ll
1059 3493 1221 3553 exporrecta
1234 3491 1366 3557 Herr‘npa:
1387 3499 1430 3544 est
1442 3493 1467 3559 (e
1481 3493 1511 3559 (ι’)
1529 3509 1577 3560 por·

448 3567 527 3612 reeta
546 3564 631 3614 EGII.
648 3563 659 3629 ll
684 3583 698 3613 e
718 3582 770 3627 quo
785 3569 811 3629 (i.
823 3585 844 3617 e.
858 3570 941 3631 unde)
956 3588 1015 3634 epe:
1036 3588 1126 3635 aequa
1139 3574 1224 3624 EGII.
1241 3573 1253 3640 ll
1272 3578 1288 3626 2
1307 3577 1440 3641 perusto:
1460 3586 1519 3644 post
1529 3578 1580 3645 plns

449 3646 528 3696 EGH
540 3645 635 3709 (Llclz).
652 3644 695 3713 113
714 3665 784 3712 quae
803 3652 867 3717 (quq
884 3652 941 3713 EG)
962 3660 1005 3703 est
1021 3658 1258 3725 proxu(1Etilma:
1277 3663 1315 3711 sie
1333 3661 1421 3714 ΕΘΗ.
1438 3660 1450 3730 ll
1466 3667 1582 3729 4eyu0s-

448 3745 510 3796 snrq
525 3730 580 3780 EG.
594 3726 605 3796 ll
622 3733 720 3781 uflexu
732 3735 775 3783 ccli
796 3732 838 3799 [υ],
857 3737 928 3785 flexa
946 3746 1005 3788 unte
1022 3755 1090 3790 corr.
1105 3745 1126 3791 l:
1141 3744 1213 3794 fluxu
1224 3744 1305 3795 EGH
1315 3744 1407 3809 (ezec).
1425 3745 1436 3814 ΙΙ
1452 3748 1497 3800 hie
1512 3751 1583 3802 Heu:

447 3814 517 3865 lmee
536 3814 599 3881 (lupe
618 3815 675 3880 EG)
694 3818 778 3867 Eb'll.
801 3815 813 3883 ΙΙ
835 3821 851 3868 6
869 3836 899 3870 se
918 3821 1053 3874 adtollens
1072 3826 1224 3877 reflectitur
1244 3846 1260 3879 a
1278 3830 1340 3882 EG:
1365 3848 1412 3885 om.
1433 3833 1460 3882 H
1479 3831 1555 3897 (dle).
1574 3832 1583 3898 l,

447 3901 463 3950 'l
482 3900 558 3949 eires
577 3905 706 3953 rostrum:
725 3905 762 3952 sie
775 3904 860 3954 ΕΘΗ.
883 3901 895 3971 ll
918 3908 934 3957 8
953 3908 1069 3971 coephei
1084 3912 1110 3959 H
1127 3909 1183 3975 (t).
1207 3910 1219 3979 Η
1244 3916 1275 3963 10
1294 3917 1440 3981 cassiopas
1460 3919 1488 3967 H
1507 3915 1585 3984 (Mem

448 3985 526 4051 -pip
544 3984 600 4035 EG.
626 3983 637 4051 ll
662 3988 691 4035 11
711 3986 804 4038 stillae
823 3990 858 4041 II.
882 3987 894 4054 ΙΙ
919 3994 950 4042 13
968 3996 1186 4056 septentrionum
1205 3999 1234 4047 II
1251 3996 1336 4061 (Gdc,
1360 4005 1468 4065 septem
1487 4007 1520 4053 tr.
1541 4004 1585 4064 Ll:

447 4070 663 4133 septentrionem
682 4071 707 4120 Ε
729 4081 754 4121 et
773 4073 861 4137 (-u‹'=)
881 4082 940 4124 aute
963 4092 1032 4127 corr.
1052 4078 1080 4130 G.
1104 4076 1116 4145 Η
1145 4080 1202 4130 dixi
1228 4096 1289 4132 esse
1313 4098 1386 4133 nunc
1411 4083 1586 4148 (esse.Nunc

446 4152 506 4209 EG)
525 4154 603 4203 sel}
621 4155 690 4217 (esse
709 4159 758 4208 del.
776 4157 854 4219 dee).
880 4154 891 4224 l}
915 4160 946 4208 14
965 4161 1000 4209 ab
1020 4164 1119 4212 ustura
1136 4168 1172 4215 lc:
1197 4165 1231 4214 ob
1255 4169 1417 4229 naturali,
1441 4171 1476 4220 ob
1496 4174 1588 4221 saturi

448 4239 469 4286 (ι’
486 4238 544 4299 (h),
565 4254 581 4286 a
594 4243 694 4290 natura
707 4241 738 4293 E.
761 4238 773 4306 ll
792 4244 821 4291 17
835 4244 891 4291 ceti
905 4245 983 4296 Part:
1004 4245 1100 4310 cephei
1120 4247 1204 4298 EGII.
1221 4245 1233 4314 Η
1252 4253 1282 4300 18
1300 4251 1437 4303 turribulir
1450 4263 1587 4305 unescere.

447 4321 475 4370 (ι’.
488 4316 499 4385 ΙΙ
519 4323 549 4369 19
562 4324 699 4387 scorpioni
712 4325 810 4390 (Part).
830 4331 906 4376 tenet
920 4326 1036 4392 (Ber-b.):
1056 4333 1229 4395 scorpionem
1243 4334 1320 4396 (—ne
1333 4337 1362 4399 G,
1378 4354 1474 4388 -nem
1486 4339 1538 4403 st)
1552 4344 1588 4389 te·

446 4409 512 4452 nant
524 4404 611 4456 dall.
623 4403 635 4473 ΙΙ
647 4409 679 4459 20
689 4408 949 4475 mlvirginemssol!
959 4413 1004 4475 (ad
1019 4416 1068 4465 del.
1080 4415 1172 4479 Mae).
1185 4414 1197 4482 ΙΙ
1209 4420 1369 4470 acroenum
1381 4423 1452 4475 0010:
1469 4428 1587 4473 nostrum

446 4485 516 4549 (ir'r'r'n
535 4487 595 4552 EG)
615 4490 692 4542 Ital!
711 4495 768 4554 (aed
782 4511 863 4559 supro
883 4496 917 4545 Gc
933 4512 983 4549 scr.
1004 4496 1114 4560 rostro).
1138 4496 1150 4565 Η
1178 4502 1210 4552 23
1229 4508 1338 4554 cratera
1356 4508 1397 4568 (et
1413 4524 1440 4572 p.
1459 4524 1513 4573 aeq.
1532 4526 1553 4559 u.
1572 4512 1586 4556 2

445 4567 552 4634 omuesl:
568 4578 702 4625 craterem
715 4579 755 4627 lu'c
769 4578 852 4628 ΕΘΗ.
866 4575 878 4645 ll
888 4582 921 4628 tt
933 4580 1078 4644 virginiuis
1091 4582 1181 4644 G(n0u
1191 4585 1235 4649 E).
1250 4583 1261 4652 ll
1274 4604 1371 4641 corvos
1385 4592 1414 4641 II
1424 4589 1479 4656 (L).
1493 4587 1505 4659 Η
1517 4606 1584 4654 quac

446 4657 510 4701 sunt
519 4657 777 4712 sutem—lucentis
789 4672 849 4726 post
859 4663 987 4713 videntur
1001 4680 1022 4715 e.
1038 4667 1053 4713 4
1067 4681 1092 4728 p.
1104 4681 1158 4731 seq.
1172 4674 1302 4721 transtulit
1313 4673 1384 4725 Mar.
1398 4671 1410 4740 ll
1422 4675 1583 4726 relucentia

446 4735 501 4785 ed:
521 4735 646 4802 lugentia
665 4741 744 4792 noll
766 4740 778 4810 ll
795 4745 929 4813 adanguis
942 4748 971 4797 II
982 4747 1066 4810 (Ηώς
1087 4751 1185 4815 anguis
1204 4753 1252 4803 EG
1266 4752 1404 4822 (lugentia
1417 4754 1526 4825 unguis)
