3984 5825
680 673 727 718 nn
749 670 1017 720 Ancurrscruua
1039 674 1109 720 uia.
1133 674 1183 720 111.
1460 661 1500 725 67

358 847 441 910 quae
464 822 690 888 simulantem
711 825 864 888 undecim
886 834 943 887 aut
965 808 1138 887 duodecim
1161 833 1237 887 sunt
1263 825 1385 907 sactae,
1414 827 1501 913 quod

357 927 602 1011 superaverint,
630 949 695 989 non
721 935 858 1013 possunt
880 947 951 989 esse
972 925 1152 1010 perfectae,
1176 926 1279 990 donec
1299 926 1342 989 ad
1363 923 1501 991 alterum

357 1027 521 1092 decussim
535 1028 738 1113 perveniant,
768 1026 949 1111 singulares
965 1029 1051 1090 enirn
1067 1049 1119 1091 res
1134 1026 1312 1114 particulae
1334 1038 1409 1092 sunt
1431 1030 1500 1092 eius

322 1143 338 1190 6
355 1131 494 1193 numeri.
527 1128 749 1205 mathematici
770 1151 849 1192 vero
871 1138 984 1192 contra
999 1131 1204 1216 disputantes
1220 1152 1258 1193 ea
1272 1151 1307 1193 re
1322 1131 1501 1217 perfectum

356 1230 512 1304 dixerunt
544 1251 617 1294 esse
643 1252 811 1294 munerum
839 1231 894 1315 qui
922 1252 984 1294 sex
1011 1230 1152 1312 dicitur,
1181 1229 1269 1314 quod
1297 1233 1326 1294 is
1348 1245 1535 1295 numeruss

355 1331 454 1395 habet
468 1333 662 1417 partitiones
684 1353 795 1396 eorum
816 1331 998 1395 rationibus
1022 1353 1082 1395 sex
1103 1353 1236 1396 numero
1259 1334 1500 1398 convenientes.

356 1434 403 1496 sic
425 1441 611 1496 sextantem
631 1455 749 1515 unum,
777 1434 929 1497 trientem
956 1426 1038 1514 duo,
1062 1433 1230 1496 semissem
1260 1434 1341 1516 tria,
1372 1434 1500 1499 bessem

355 1556 453 1618 quern
475 1534 630 1617 Θιμοιρον
651 1533 767 1597 dicunt
789 1541 957 1619 quattuor,
981 1533 1181 1618 quintarium
1204 1556 1301 1619 quem
1322 1556 1499 1620 πενταμοι-

357 1659 418 1717 ρον
446 1635 562 1699 dicunt
584 1635 744 1720 quinque,
767 1633 950 1720 perfectum
973 1656 1042 1698 sex.
1087 1656 1161 1699 cum
1182 1634 1225 1698 ad
1248 1635 1499 1721 superlationem

356 1747 491 1819 crescat,
515 1757 612 1822 supra
627 1756 686 1799 sex
700 1733 829 1798 adiecto
844 1756 918 1799 asse
941 1758 1101 1818 εφεκτον,
1126 1758 1198 1799 cum
1219 1735 1308 1799 facta
1329 1746 1405 1800 sunt
1426 1748 1499 1815 octo
1519 1754 1550 1802 10

355 1839 442 1924 quod
472 1847 522 1902 est
544 1837 641 1900 tertia
669 1836 799 1898 adiecta
820 1837 1002 1900 tertiarium
1023 1836 1161 1900 alterum
1184 1838 1240 1922 qui
1263 1858 1427 1920 επιτριτος
1449 1838 1497 1902 (Ιί-

356 1941 440 2003 citur
447 1988 456 2022 ‚
485 1936 624 2002 dimidia
651 1935 779 1999 adiecta
806 1957 880 1999 curn
902 1936 991 2000 facta
1014 1946 1089 2000 sunt
1109 1959 1227 2001 novem
1250 1937 1498 2024 sesquialterum

356 2044 411 2126 qui
433 2043 585 2123 nptoltog
606 2036 803 2125 appellatur,
833 2035 959 2101 duabus
987 2037 1136 2123 partibus
1163 2038 1286 2102 additis
1314 2050 1346 2102 et
1369 2041 1499 2105 decussi

354 2142 440 2206 facto
456 2141 585 2206 bessem
600 2137 738 2203 alterum
760 2160 855 2224 quern
879 2139 1089 2222 επιδιμοιρον
1111 2140 1267 2223 vocitant,
1289 2140 1324 2203 in
1344 2141 1497 2205 undecim

353 2265 487 2308 numero
520 2241 608 2328 quod
639 2240 760 2304 adiecti
790 2249 867 2303 sunt
899 2241 1042 2326 quinque
1076 2239 1271 2325 quintarium
1304 2263 1400 2326 quern
1429 2259 1548 2307 sat-15

355 2366 505 2428 πεμπτον
533 2343 662 2425 dieunt,
691 2340 862 2405 duodecim
890 2352 1000 2405 autem
1028 2341 1114 2425 quod
1143 2362 1185 2403 ex
1207 2341 1334 2407 duobus
1355 2345 1497 2407 numeris

323 2444 559 2532 tsimplicibus
588 2452 638 2506 est
665 2443 798 2505 effectus
826 2441 1017 2506 διπλασιον.
1067 2464 1132 2506 non
1158 2442 1266 2505 minus
1289 2445 1387 2508 etiam
1411 2446 1497 2530 quod

355 2568 411 2632 pes
437 2545 579 2611 hominis
605 2542 792 2607 altitudinis
819 2552 946 2606 sextam
975 2542 1074 2606 habet
1096 2552 1236 2627 partem,
1265 2546 1312 2607 ita
1335 2547 1432 2609 etiarn
1455 2569 1497 2610 ex

355 2669 392 2710 eo
419 2645 506 2732 quod
532 2637 699 2731 perficitur
725 2641 845 2729 pedum
873 2664 1006 2707 numero
1034 2645 1178 2729 eorporis
1201 2645 1290 2707 sexis
1312 2645 1496 2711 altitudinis

354 2748 556 2829 terminatio,
590 2767 663 2809 eum
692 2744 871 2829 perfectum
899 2746 1145 2808 constituerunt.
1196 2745 1406 2832 cubitumque
1427 2751 1495 2812 ani-
1514 2765 1547 2813 ‘20

356 2848 600 2913 madverterunt
628 2869 671 2910 ex
699 2867 756 2908 sex
779 2842 896 2932 palmis
925 2854 1073 2907 constare
1101 2845 1279 2931 digitisque
1308 2865 1423 2910 xxlffl.
1454 2871 1496 2911 ex

356 2973 392 3015 eo
408 2952 506 3016 etiam
520 2950 676 3013 videntur
698 2949 847 3011 civitates
870 2945 1070 3011 Graecorum
1093 2946 1210 3010 fecisse
1233 2957 1265 3009 et
1288 2948 1494 3032 quemadmo-

358 3140 583 3149 ..—-..—...-—-—

422 3261 435 3308 1
455 3258 549 3308 factae
568 3290 615 3307 ...
633 3255 776 3320 perfectae
794 3255 865 3307 Jon:
884 3255 955 3304 faeti
973 3291 997 3308 ..
1012 3296 1019 3308 .
1037 3254 1156 3320 perfecti
1177 3254 1260 3303 ΕΘΗ.
1284 3250 1296 3320 ΙΙ
1323 3258 1338 3305 3
1357 3254 1494 3306 decussim

356 3346 395 3393 ed.
413 3344 468 3393 Fu:
488 3340 598 3392 decusis
615 3341 672 3389 ΕΗ
688 3337 804 3403 (eolre),
822 3338 932 3388 decuria
950 3345 1010 3388 ante
1027 3355 1096 3389 corr.
1117 3340 1145 3387 Θ.
1166 3334 1178 3405 ΙΙ
1200 3337 1271 3389 this
1289 3348 1349 3389 ante
1365 3356 1419 3414 raa.
1433 3341 1465 3394 Ε.
1481 3340 1492 3413 ἱΙ

356 3428 530 3493 opertiones
552 3426 585 3474 E.
613 3420 625 3490 ΙΙ
652 3423 814 3473 'ltrientem
836 3422 888 3471 dno
905 3424 974 3474 Joe:
1002 3422 1118 3471 trientes
1141 3422 1209 3477 duos
1227 3422 1314 3477 ΕΘΗ,
1338 3421 1350 3488 ΙΙ
1372 3424 1495 3475 bessem:

355 3528 401 3565 om.
422 3512 444 3561 G
462 3511 544 3574 (tria.
559 3511 610 3572 que
625 3505 677 3571 d),
699 3509 794 3557 besem
811 3507 848 3565 E,
872 3507 966 3557 besem
990 3508 1018 3556 H
1036 3506 1115 3571 (Llr).
1144 3503 1156 3573 ΙΙ
1183 3507 1357 3558 8dimoeron
1374 3509 1461 3562 ΕΘΗ.
1481 3508 1492 3574 ΙΙ

356 3602 437 3662 pente
450 3610 562 3646 moeron
579 3594 605 3643 Ε
617 3600 643 3642 et
654 3599 713 3642 ante
725 3607 793 3640 corr.
816 3592 845 3641 Θ.
865 3588 926 3654 (ele),
945 3595 1029 3655 pente
1041 3606 1136 3640 meron
1155 3591 1184 3639 H
1206 3586 1308 3656 (Gc'Ll).
1331 3588 1344 3657 ΙΙ
1368 3594 1383 3642 9
1400 3608 1494 3658 snper-

358 3681 489 3731 lationem
512 3693 574 3743 epo:
602 3675 835 3743 supplicationem
858 3675 913 3723 ΕΗ
932 3674 1001 3738 (Lle)
1024 3681 1050 3725 et
1071 3682 1130 3724 ante
1152 3676 1253 3724 corrtr'
1281 3673 1493 3739 (suppletionem

357 3766 398 3825 Hc,
411 3764 644 3830 suppletationem
656 3761 693 3819 dc,
706 3760 929 3825 supputationem
942 3757 1040 3826 Sela).
1064 3754 1075 3823 ΙΙ
1100 3760 1131 3808 10
1143 3759 1205 3820 e(ae
1215 3756 1369 3821 H)ffectum
1381 3760 1467 3812 EGH.
1480 3760 1492 3825 ΙΙ

358 3868 387 3914 11
407 3866 525 3916 tertias
543 3862 601 3927 (ac)
615 3862 673 3913 aa.
695 3856 707 3926 Ι
731 3860 847 3910 alterum
859 3860 930 3909 Mar.
949 3857 1059 3923 (socen
1091 3862 1182 3909 autem
1202 3844 1265 3922 (aui
1284 3858 1343 3921 aa>
1368 3859 1453 3908 roa.
1480 3858 1491 3924 Ι

356 3950 483 4015 epitritos
504 3949 591 3998 EGH.
615 3942 627 4013 ΙΙ
657 3946 688 3994 13
709 3943 854 3995 hemiolius
877 3945 906 3993 H
925 3941 1009 4007 (ΕΗ),
1034 3943 1159 3993 emiolins
1178 3944 1235 3995 ΕΘ,
1259 3939 1271 4007 ΙΙ
1295 3942 1401 3991 duabus
1423 3941 1451 4003 (ἰ,
1471 3958 1492 3993 e.

261 4034 266 4045 ’
355 4035 461 4085 ‹iuabus
479 4031 593 4096 tertiis).
616 4028 628 4093 ΙΙ
650 4028 841 4081 detinendae:
862 4028 972 4078 decusis
987 4028 1044 4085 ΘΗ,
1063 4028 1136 4077 cusis
1150 4028 1182 4076 Ε.
1205 4023 1218 4093 ΙΙ
1238 4028 1270 4075 14
1288 4026 1397 4074 bessem
1409 4026 1493 4077 Man:

355 4120 405 4169 bes
430 4118 509 4167 ΕΘΗ
530 4115 567 4179 (at
584 4116 675 4165 Festus
696 4118 723 4164 tn
745 4112 874 4162 Hultaela't‘
895 4111 1032 4176 Metrolop.
1057 4112 1102 4169 II,
1121 4114 1166 4167 81,
1189 4114 1238 4160 23:
1269 4110 1317 4159 bes
1341 4108 1464 4159 alterum.
1481 4105 1492 4173 Ι

356 4203 543 4268 epidimoeron
561 4200 648 4249 ΕΘΗ.
672 4194 684 4263 ΙΙ
707 4200 739 4248 15
757 4197 860 4246 adiecti
884 4194 929 4258 (so.
947 4195 1042 4257 asscel:
1074 4197 1112 4244 sic
1133 4196 1213 4245 ΕΘΗ
1234 4192 1356 4255 (adiecta
1378 4193 1463 4257 Lon).
1479 4191 1491 4258 ΙΙ

356 4288 522 4351 quintarium
546 4285 592 4348 (sc.
616 4280 758 4345 alterum):
785 4283 824 4330 sie
846 4280 933 4330 EGH.
956 4277 968 4346 ΙΙ
996 4283 1172 4348 epipempton
1194 4279 1280 4331 EGH.
1310 4277 1321 4345 ΙΙ
1350 4278 1381 4328 16
1408 4277 1493 4341 quod:

356 4377 421 4438 quia
438 4374 464 4423 Ε
481 4375 550 4436 (item
566 4389 590 4424 o.
609 4369 662 4432 17).
683 4365 696 4433 ΙΙ
724 4368 753 4416 17
772 4364 930 4429 diplasiona
947 4366 1035 4417 ΕΘΗ.
1062 4361 1073 4429 ΙΙ
1100 4366 1130 4412 18
1149 4362 1293 4413 altitudine
1315 4364 1348 4415 E.
1376 4359 1388 4427 ΙΙ
1410 4361 1495 4412 habet

357 4465 460 4523 partem
482 4459 511 4507 Η
535 4455 618 4520 (Llc):
641 4456 748 4518 partem
766 4449 852 4498 babet
870 4449 926 4500 ΕΘ.
947 4445 962 4515 ΙΙ
990 4451 1021 4499 19
1041 4448 1161 4512 corporis
1183 4448 1255 4495 sexis
1278 4462 1324 4512 epo
1343 4446 1388 4508 (cf.
1406 4463 1431 4509 p.
1452 4448 1492 4504 68,

359 4547 400 4601 12,
423 4558 472 4593 sex
499 4541 622 4604 corporis
645 4536 746 4599 Sela.):
781 4534 902 4597 eorporis
929 4536 1001 4582 seies
1026 4533 1051 4582 Ε
1073 4541 1097 4581 et
1120 4538 1178 4580 ante
1205 4546 1274 4584 corr.
1304 4532 1344 4590 H,
1371 4530 1493 4593 corporis

357 4630 446 4679 sexies
466 4627 530 4676 GH0
547 4624 627 4688 (Ide).
651 4618 664 4688 ΙΙ
686 4616 896 4670 interminatio
915 4617 1002 4669 Seleu:
1024 4616 1185 4666 terminavit
1196 4615 1284 4664 ΕΘΙΙ.
1306 4611 1318 4680 ΙΙ
1339 4616 1372 4664 22
1392 4618 1419 4662 et
1432 4616 1492 4664 add

357 4712 597 4777 Miller-Strdbinp:
616 4726 663 4761 om.
681 4710 768 4768 ΕΘΗ,
1247 4782 1268 4847 5

1274 4783 1291 4820 *k
