3984 5825
666 666 714 711 nn
736 662 1003 722 sncnruncruas
1028 663 1096 708 urs.
1120 664 1170 709 111.
1370 712 1375 718 ,
1449 646 1489 710 75

296 833 328 880 13
345 822 434 884 tione
448 841 508 904 pro
523 826 594 881 rata
609 819 848 881 constituantur
863 824 1097 879 contracturae.
1127 814 1205 878 haee
1227 824 1336 879 autem
1358 825 1489 901 propter

345 919 531 984 altitudinis
559 917 783 999 intervallum,
817 916 994 981 scandente
1027 915 1113 982 oculi
1145 918 1270 1003 specie,
1304 915 1490 978 adiciuntur

346 1019 618 1086 crassitudinibus
647 1028 892 1107 temperaturae.
943 1027 1150 1082 venustatem
1176 1019 1261 1081 enim
1284 1019 1489 1102 persequitur

345 1124 455 1203 visuS‚
483 1122 574 1184 cuius
602 1122 632 1184 si
658 1143 723 1185 non
749 1119 935 1184 blandimur
956 1118 1118 1206 voluptati
1140 1119 1347 1205 proportione
1368 1127 1400 1181 et
1422 1139 1487 1181 mo-

345 1223 496 1287 dulorum
510 1221 764 1304 adiectionibus,
786 1223 835 1285 uti
858 1220 944 1307 quod
966 1219 1052 1285 fallit
1073 1221 1308 1307 temperatione
1329 1220 1522 1302 adaugeas

345 1337 400 1390 tur
405 1375 415 1408 ‚
438 1334 552 1388 vastus
568 1333 601 1388 et
615 1324 806 1386 invenustus
823 1321 1099 1409 conspicientibus
1122 1322 1305 1386 remittetur
1327 1330 1488 1407 aspectus.

346 1426 389 1490 de
415 1425 599 1489 adiectione
626 1446 709 1510 quae
729 1423 871 1488 adicitur
892 1425 927 1487 in
947 1421 1065 1487 mediis
1089 1421 1264 1506 columnis,
1292 1445 1374 1509 quae
1401 1421 1490 1508 apud

347 1527 491 1592 Graecos
521 1541 653 1601 εντασις
678 1523 875 1612 appellatur,
905 1525 940 1587 in
967 1534 1113 1589 extremo
1141 1523 1226 1587 libro
1248 1525 1311 1588 erit
1332 1522 1436 1586 forma
1459 1531 1490 1586 et

345 1631 429 1694 ratio
445 1630 517 1693 eius
539 1625 809 1714 quemadmodum
829 1624 936 1690 mollis
959 1635 990 1690 et
1013 1627 1209 1692 conveniens
1232 1624 1392 1689 efficiatur
1414 1623 1488 1688 sub·

348 1732 481 1816 scripta.
1509 1742 1540 1790 10

272 1835 330 1904 (IV)
433 1829 656 1895 Fundationes
685 1851 796 1894 eorum
823 1850 957 1915 operum
983 1827 1151 1893 fodiantur
1172 1830 1201 1892 si
1224 1836 1320 1915 queat
1346 1827 1541 1892 invenirint

347 1933 391 1997 ad
417 1932 560 1998 solidum
586 1940 617 1996 et
638 1932 674 1995 in
695 1930 800 1997 solido
823 1940 979 2017 quantum
1001 1951 1044 1993 ex
1064 1928 1279 2017 amplitudine
1302 1929 1408 2016 operis
1431 1950 1489 2014 pro

347 2035 474 2099 ratione
495 2032 679 2116 videbitur,
703 2042 935 2119 extruaturque
957 2040 1121 2096 structura
1141 2039 1246 2094 totum
1268 2028 1370 2095 solum
1393 2051 1490 2116 quam

348 2134 556 2199 solidissima.
614 2156 776 2220 supraque
807 2144 928 2198 terram
960 2134 1101 2219 parietes
1130 2140 1322 2196 extruantur
1350 2132 1411 2196 sub
1437 2151 1488 2194 co-

347 2237 495 2317 lumnas,
524 2220 661 2300 dimidio
688 2237 862 2300 crassiores
886 2257 982 2320 quam
1005 2233 1172 2299 columnae
1195 2243 1270 2298 sunt
1292 2232 1420 2296 futurae
1441 2233 1490 2296 uti
1510 2249 1541 2298 15

349 2339 492 2402 firmiora
514 2339 579 2400 sint
596 2336 751 2402 inferiora
766 2335 1000 2423 superioribus.
1029 2345 1140 2423 quaet
1156 2334 1359 2400 stereobatae
1380 2331 1489 2421 appel-

332 2439 473 2519 lantur,
502 2460 578 2501 nam
605 2440 774 2524 excipiunt
801 2459 908 2503 onera.
944 2439 1169 2524 spirarumque
1195 2437 1399 2524 proiecturae
1426 2456 1492 2499 non

349 2538 528 2627 procedant
558 2547 653 2603 extra
667 2617 669 2622 Ι
683 2538 833 2604 solidum.
882 2540 962 2603 item
994 2561 1092 2625 supra
1118 2539 1255 2625 parietis
1282 2539 1325 2601 ad
1352 2536 1491 2602 eundem

349 2640 483 2706 modum
510 2640 692 2706 crassitudo
720 2641 883 2705 servanda
904 2651 969 2723 est,
998 2639 1171 2706 intervalla
1192 2651 1300 2704 autem
1323 2660 1490 2705 concame-

317 2741 454 2806 2randa
486 2751 543 2806 aut
574 2741 746 2806 solidanda
777 2741 1049 2808 festucationibus
1082 2743 1131 2805 uti
1163 2741 1390 2806 distineantur.
1440 2741 1492 2803 sin
1509 2757 1542 2806 20

350 2853 459 2908 autem
473 2843 614 2907 solidum
627 2866 693 2908 non
714 2845 915 2928 invenietur,
938 2843 997 2908 sed
1018 2843 1108 2906 locus
1131 2844 1193 2907 erit
1215 2843 1433 2928 congesticius
1448 2841 1491 2906 ad

351 2949 451 3010 imum
472 2956 530 3011 aut
551 2944 711 3032 paluster,
739 2955 817 3010 tunc
839 2948 866 3010 is
889 2945 978 3011 locus
1002 2943 1144 3009 fodiatur
1166 2945 1436 3028 exinaniaturque
1459 2952 1492 3008 et

352 3047 433 3136 palis
461 3045 564 3111 alneis
591 3056 647 3113 aut
669 3046 846 3133 oleagineis
874 3056 930 3112 aut
950 3046 1113 3112 robusteis
1134 3042 1276 3110 ustilatis
1300 3043 1489 3131 configatur,

357 3254 584 3275 —u——-—†

419 3393 432 3440 1
453 3390 660 3439 constituantur
679 3392 732 3440 ed:
763 3393 892 3440 -tnatnr
915 3390 973 3441 GH.
1001 3387 1014 3456 11
1041 3392 1218 3440 contractura
1234 3391 1302 3439 solus
1320 3388 1353 3437 L.
1380 3382 1392 3453 ΙΙ
1419 3387 1491 3437 haec

353 3477 388 3523 ste
407 3476 466 3526 GH.
482 3472 496 3541 [Ι
511 3476 527 3523 2
545 3473 697 3526 scandente
715 3474 790 3523 oculi
808 3476 901 3540 specie
914 3477 976 3528 Lor.
997 3471 1207 3539 (cf.p.80‚19):
1226 3472 1386 3523 scandentis
1404 3470 1491 3523 oculis

355 3558 435 3623 (oculi
453 3559 487 3621 L)
507 3557 693 3623 speciesGH.
722 3553 734 3623 ΙΙ
761 3560 969 3609 3venustatsm
987 3560 1043 3613 ed:
1068 3563 1146 3608 -tes
1171 3558 1225 3608 GH
1244 3556 1300 3621 (Li,
1324 3561 1491 3608 vetustatem

354 3643 401 3708 ct).
427 3640 440 3710 ))
465 3644 482 3693 5
504 3642 582 3692 fallit
606 3642 671 3694 Lor.
704 3639 750 3705 (ef.
772 3658 801 3705 p.
830 3646 876 3701 74,
900 3643 938 3705 7):
977 3642 1085 3692 fallitur
1109 3641 1168 3695 GH.
1196 3638 1208 3708 ΙΙ
1238 3642 1423 3708 adaugeatur:
1454 3644 1493 3691 sic

355 3728 411 3779 GH.
433 3724 446 3795 l)
469 3728 486 3777 8
506 3725 610 3777 eutasis
629 3727 688 3777 GH.
712 3722 724 3792 ΙΙ
746 3726 835 3777 forma
859 3731 888 3776 st
915 3726 1060 3790 Wesselinp
1088 3723 1132 3792 (cf.
1150 3741 1178 3791 p.
1197 3730 1237 3786 77,
1261 3730 1287 3780 4.
1306 3728 1352 3787 80,
1371 3726 1412 3792 5):
1439 3727 1493 3776 for·

353 3816 425 3862 mata
444 3812 505 3863 GH.
531 3808 543 3877 ΙΙ
572 3813 603 3860 12
621 3810 657 3860 ad
675 3809 791 3860 solidum
814 3815 843 3861 et
864 3812 893 3860 in
912 3810 1000 3861 solido
1017 3812 1098 3863 Part:
1123 3812 1158 3861 ab
1177 3810 1264 3861 solido
1283 3814 1311 3862 et
1327 3812 1357 3860 in
1375 3804 1492 3861 solidum

354 3895 445 3962 (-—d1'1)
466 3896 526 3949 GH.
549 3892 561 3961 ΙΙ
585 3897 617 3945 15
635 3895 790 3945 columnas:
808 3897 846 3945 sr'c
865 3895 923 3945 GH.
937 3891 950 3960 ΙΙ
968 3896 1000 3945 16
1019 3909 1090 3961 quae
1108 3888 1177 3960 (qua
1193 3899 1221 3945 et
1236 3894 1293 3961 eqo)
1313 3896 1490 3945 stereobatas

352 4016 420 4068 dea:
445 4030 499 4080 quq
516 4017 531 4063 e
550 4013 694 4069 ereobates
713 4014 736 4063 G
758 4011 805 4076 (0⁶
822 3974 991 4075 eiereobates
1017 4016 1035 4064 ι’.
1053 4029 1075 4063 e.
1099 4017 1113 4064 e
1135 4009 1322 4075 stereobates,
1346 4015 1394 4063 sed
1414 4016 1491 4064 voluit

351 4101 404 4149 stae
422 4100 498 4149 drcbs'o
519 4096 735 4160 adelelmum),
754 4112 826 4162 quae
845 4102 888 4148 est
906 4097 932 4160 (e
949 4096 987 4160 lc)
1007 4099 1154 4149 ereobates
1171 4098 1203 4147 H
1218 4097 1265 4161 (L,
1284 4102 1328 4148 est
1345 4097 1490 4150 ereobates

352 4200 408 4262 so).
431 4196 444 4265 q
472 4200 504 4248 rs
522 4195 672 4264 aorsesle
695 4198 752 4261 (sea
772 4202 799 4248 a
820 4214 900 4263 mar).
924 4201 959 4251 ec
975 4198 1037 4249 rar
1054 4198 1150 4262 sonsa
1174 4169 1271 4249 sinum
1293 4162 1456 4264 ulcera).
1477 4194 1488 4264 Η

352 4284 556 4348 perfecisses:
575 4288 652 4333 -tes
671 4284 729 4335 GH.
752 4280 764 4350 ΙΙ
788 4286 819 4333 19
838 4283 1056 4335 concamaranda
1075 4282 1135 4347 (L):
1153 4283 1321 4333 —maranda
1340 4283 1393 4333 GH
1409 4281 1463 4346 (lc).
1477 4280 1489 4347 ))

353 4370 384 4418 20
401 4367 590 4418 distineantur
610 4368 681 4417 doaz
708 4368 900 4417 destineantur
919 4369 973 4418 GH
996 4367 1041 4428 (lc,
1060 4367 1234 4417 destinantur
1256 4365 1300 4431 L).
1330 4364 1342 4432 l)
1372 4369 1403 4418 21
1427 4382 1490 4418 eon·

353 4452 485 4516 gesticius
504 4451 538 4501 G:
564 4451 743 4501 coniesticius
760 4451 793 4499 H
806 4450 888 4517 (Llc).
912 4448 924 4517 ΙΙ
947 4454 979 4501 22
1002 4451 1127 4515 paluster
1146 4452 1180 4503 G:
1199 4448 1320 4516 pla1)tsr
1343 4452 1369 4516 (i.
1388 4468 1411 4502 e.
1430 4457 1490 4502 uate

353 4552 405 4586 ras.
424 4532 564 4601 plau)ter)
583 4534 615 4583 H
630 4532 752 4599 (plaster
768 4535 827 4598 th,
846 4535 972 4601 plauster
989 4535 1024 4599 c).
1046 4531 1060 4601 l)
1082 4536 1114 4585 23
1133 4534 1222 4585 alneis
1245 4536 1301 4589 Joe.
1325 4533 1371 4599 (ef.
1395 4535 1427 4594 V,
1446 4537 1489 4587 13.

347 4613 451 4684 '11‚9):
472 4618 607 4684 saligneis
626 4618 685 4669 GH.
708 4616 722 4685 l)
744 4619 899 4683 oleagineis
917 4618 1056 4669 robusteis
1075 4618 1128 4670 GH
1143 4616 1204 4685 (aut
1221 4618 1373 4681 adddoc.)
1393 4616 1407 4687 ΙΙ
1426 4635 1490 4675 con·

355 4704 453 4770 figatur
473 4703 508 4753 G:
529 4702 715 4768 configuratur
732 4703 764 4752 H
780 4702 821 4768 (Ic,
840 4703 1024 4769 configuretur
1037 4701 1081 4767 L).
