3984 5825
513 650 573 712 150
1001 663 1158 708 vruuuvn

511 817 684 902 quadratos
713 826 779 878 tam
807 815 915 900 ampla
943 813 1169 898 magnitudine
1197 816 1244 877 uti
1273 813 1415 877 faciliter
1436 816 1470 876 in
1493 816 1540 877 eis
1564 825 1659 900 quat-

510 930 583 982 tuor
598 916 749 981 tricliniis
765 918 876 980 stratis
899 916 1175 981 ministrationum
1198 914 1411 1000 ludorumque
1434 918 1541 1002 operis
1566 916 1658 981 locus

510 1020 615 1106 possit
649 1040 719 1082 esse
753 1019 925 1104 spatiosus.
983 1019 1018 1080 in
1045 1016 1096 1079 his
1125 1018 1210 1080 oecis
1243 1016 1326 1080 fiunt
1353 1015 1464 1081 virilia
1492 1018 1691 1081 convivial

510 1144 574 1184 non
602 1122 687 1183 enim
715 1119 822 1183 fuerat
850 1120 1035 1184 institutum
1061 1128 1182 1182 matres
1205 1117 1402 1182 familiarum
1425 1141 1536 1193 eorum
1558 1121 1657 1183 mori-

477 1223 571 1289 sbus
599 1221 800 1285 accumbere.
844 1221 925 1284 haec
953 1231 1060 1285 autem
1088 1220 1259 1308 peristylia
1288 1221 1402 1285 domus
1431 1220 1658 1285 andronitides

512 1325 686 1404 dicuntur,
721 1322 808 1408 qnod
835 1324 869 1385 in
897 1325 926 1386 is
955 1324 1020 1386 viri
1048 1323 1117 1385 sine
1146 1322 1463 1409 interpellationibus
1486 1323 1660 1388 mulierum

512 1435 692 1489 versantur.
742 1433 910 1509 praeterea
939 1424 1057 1488 dextra
1085 1447 1124 1487 ae
1146 1426 1278 1490 sinistra
1301 1423 1515 1489 domunculae
1538 1427 1658 1489 consti-

512 1536 647 1591 tuuntur
675 1527 832 1590 habentes
861 1528 1008 1613 proprias
1037 1526 1151 1590 ianuas
1179 1525 1323 1590 triclinia
1345 1536 1377 1590 et
1400 1526 1551 1591 cubicula
1573 1550 1659 1592 eom-

511 1629 623 1709 moda,
653 1630 701 1692 uti
728 1626 873 1713 hospites
903 1628 1117 1692 advenientes
1147 1650 1211 1692 non
1233 1629 1268 1691 in
1289 1626 1461 1713 peristylia
1484 1629 1543 1692 sed
1564 1630 1600 1692 in
1623 1651 1662 1691 ea

463 1746 494 1793 10
512 1728 687 1816 hospitalia
708 1730 916 1817 recipiantur.
961 1751 1038 1801 narn
1060 1752 1133 1792 curn
1155 1728 1288 1793 fuerunt
1311 1727 1430 1792 Graeci
1452 1729 1660 1795 delicatiores

513 1841 545 1896 et
559 1832 690 1895 fortuna
712 1829 946 1917 opulentiores,
969 1830 1155 1916 hospitibus
1177 1831 1430 1895 advenientibus
1452 1830 1663 1912 instruebant

513 1931 657 1996 triclinia
684 1932 833 1997 cubicula
859 1954 932 1997 cum
959 1954 1049 2019 penu
1075 1931 1173 1996 cellas
1201 1934 1370 2019 primoque
1397 1933 1451 1995 die
1480 1931 1523 1995 ad
1546 1953 1662 1994 cenam

513 2036 709 2118 invitabant,
731 2044 862 2121 postero
877 2033 1052 2097 mittebant
1067 2032 1171 2118 pullos
1187 2056 1249 2098 ova
1264 2033 1375 2099 holera
1389 2056 1485 2120 poma
1499 2031 1659 2119 reliquas-

514 2160 576 2224 que
603 2160 655 2200 res
682 2147 840 2221 agrestes.
884 2135 957 2199 ideo
980 2137 1122 2222 pictores
1146 2157 1183 2198 ea
1206 2156 1288 2221 quae
1310 2136 1524 2200 mittebantur
1546 2135 1658 2221 hospi·
1720 2186 1723 2194 ,

465 2254 495 2299 15
514 2239 602 2301 tibus
630 2238 766 2322 picturis
795 2238 960 2300 imitantes
983 2237 1082 2301 xenia
1104 2236 1362 2323 appellaverunt.
1411 2239 1457 2302 ita
1478 2246 1589 2325 patres
1613 2237 1661 2300 fa-

514 2337 675 2400 miliarum
697 2339 732 2400 in
752 2337 895 2422 hospitio
917 2360 982 2401 non
1005 2336 1202 2402 videbantur
1224 2360 1296 2402 esse
1318 2361 1471 2425 peregre,
1501 2338 1663 2403 habentes

516 2449 673 2503 secretam
696 2441 730 2502 in
752 2438 803 2502 his
826 2437 1044 2526 hospitalibus
1068 2437 1309 2504 liberalitatem.
1354 2440 1525 2506 interduo
1548 2451 1659 2506 antem
1679 2460 1695 2507 5

515 2540 686 2627 peristylia
708 2540 750 2603 ad
773 2540 948 2626 hospitalia
971 2541 1087 2604 itinera
1110 2550 1186 2605 sunt
1208 2562 1289 2627 quae
1311 2541 1473 2608 mesauloe
1496 2542 1662 2627 dicuntur,

515 2642 602 2728 quod
630 2643 716 2706 inter
743 2642 824 2706 duas
846 2641 937 2707 aulas
960 2643 1068 2708 media
1091 2651 1166 2708 sunt
1188 2644 1396 2730 interposita,
1424 2645 1537 2710 nostri·
1552 2655 1664 2710 autern

383 2727 386 2739 ’
464 2758 497 2805 20
516 2766 570 2806 eas
593 2742 754 2808 andronas
776 2743 952 2831 appellant.

601 2844 667 2910 sed
693 2845 755 2911 hoc
776 2844 874 2909 valde
896 2856 945 2913 est
967 2846 1168 2931 mirandum,
1196 2855 1265 2910 nee
1285 2847 1372 2911 enim
1392 2868 1510 2932 graece
1532 2870 1594 2913 nec
1609 2847 1662 2913 la·

516 2949 583 3012 tine
605 2958 713 3035 potest
742 2948 777 3013 id
799 2952 983 3014 convenire.
1045 2948 1164 3013 Graeci
1188 2950 1274 3013 enirn
1297 2950 1473 3034 ανδρωνας
1494 2951 1666 3038 appellant

474 3115 483 3126 ,
516 3072 621 3133 oecos,
643 3050 702 3115 ubi
717 3052 869 3116 convivia
885 3052 995 3117 virilia
1017 3051 1121 3115 solent
1143 3074 1231 3134 esse,
1255 3051 1342 3137 quod
1365 3074 1402 3116 eo
1424 3050 1575 3117 mulieres
1598 3076 1666 3117 non

516 3151 684 3217 accedunt.
729 3155 808 3218 item
822 3153 906 3219 aliae
927 3177 980 3221 res
1004 3163 1079 3219 sunt
1101 3151 1235 3235 similes,
1257 3154 1307 3217 nti
1329 3163 1445 3239 xystus
1467 3154 1664 3241 prothyrum

466 3265 499 3314 25
516 3253 694 3318 telamones
710 3264 742 3318 et
762 3256 916 3322 nonnulla
937 3256 1002 3321 alia
1026 3254 1208 3320 eiusmodi.
1233 3254 1351 3333 ξυστος
1373 3257 1458 3321 enim
1481 3266 1530 3320 est
1544 3278 1666 3341 graeca

517 3353 737 3440 appellatione
764 3359 908 3443 porticus
935 3357 1044 3446 ampla
1071 3356 1263 3438 latitudine,
1292 3357 1328 3420 in
1354 3379 1418 3443 qua
1439 3356 1582 3437 athletae
1604 3382 1666 3446 per

518 3455 655 3519 hiberna
681 3466 827 3543 tempora
849 3469 1057 3526 exercentur.
1102 3459 1206 3523 nostri
1233 3466 1342 3523 autem
1368 3457 1566 3545 hypaethroe
1595 3483 1665 3527 am-

588 3722 601 3768 1
622 3721 771 3783 quadratos
789 3726 845 3773 tarn
864 3723 956 3788 ampla
974 3725 1043 3777 doe:
1063 3723 1200 3789 quadrata
1219 3723 1290 3774 ostia
1309 3723 1400 3790 ampla
1417 3725 1475 3779 GH.
1496 3722 1508 3792 l}
1533 3725 1573 3776 eis
1589 3728 1663 3782 doe:

521 3819 553 3853 eo
573 3804 631 3854 GH.
656 3800 668 3871 ΙΙ
691 3810 821 3871 quattuor
838 3808 981 3861 tricliniis:
1004 3812 1042 3859 sio
1061 3810 1119 3859 GH.
1143 3804 1155 3873 ll
1178 3810 1193 3856 2
1212 3808 1303 3872 operis
1321 3810 1352 3857 H
1366 3806 1453 3874 (Lep
1477 3826 1575 3875 operas
1596 3812 1625 3865 G.
1650 3810 1662 3877 ll

519 3890 537 3937 4
554 3893 657 3940 matres
677 3891 705 3948 G,
724 3892 809 3942 -tris
825 3894 853 3941 H
865 3891 910 3956 (c).
929 3889 971 3959 [16
988 3895 1026 3943 is:
1045 3894 1088 3943 his
1102 3894 1161 3946 GH.
1183 3888 1242 3958 1115
1260 3893 1401 3944 imitantes
1420 3894 1453 3944 G:
1472 3894 1597 3945 imitantl
1614 3893 1619 3961 Ι
1635 3898 1667 3946 Η

521 3974 677 4035 (imitantur
694 3975 734 4035 Ll,
753 3974 812 4025 -t2
832 3976 882 4040 ch).
906 3972 919 4044 ss
941 3978 972 4027 1‘1
989 3977 1187 4027 liberalitatem
1207 3978 1258 4027 GH
1275 3976 1331 4041 (Li,
1351 3978 1509 4029 libertatem
1526 3978 1576 4045 ch).
1596 3977 1609 4046 ll
1632 3984 1665 4032 18

521 4057 557 4107 ad
569 4057 719 4123 hospitalia
731 4075 790 4125 eqo:
805 4064 833 4110 et
844 4060 995 4126 hospitalia
1009 4062 1067 4116 GH.
1082 4059 1094 4128 [l
1117 4076 1144 4127 q;
1157 4077 1199 4111 me
1213 4061 1290 4127 saule
1309 4059 1457 4141 (mevsaule
1477 4064 1519 4127 G‘,
1537 4080 1665 4145 mevean-

520 4158 565 4207 loe
578 4159 609 4219 L,
623 4160 764 4210 mesauloe
776 4161 813 4225 t’)
833 4162 962 4212 dicuntur
973 4163 1007 4215 G:
1027 4160 1219 4227 quemlesaulo
1238 4163 1383 4213 edicuntur
1392 4164 1421 4212 H
1433 4162 1525 4230 (quem
1545 4161 1610 4230 [que
1622 4164 1663 4232 ct]

432 4288 437 4312 ,
523 4242 633 4292 esauloe
643 4242 772 4294 dicuntur
781 4245 822 4312 (c).
840 4241 852 4311 Η
868 4248 901 4295 22
912 4245 950 4310 (ut
958 4246 1002 4312 20)
1014 4247 1151 4320 andronas
1163 4247 1221 4299 GH.
1236 4242 1249 4313 [l
1265 4249 1298 4297 23
1309 4262 1390 4297 oecos
1402 4248 1448 4298 θῦε
1460 4264 1543 4300 oeous
1552 4251 1582 4298 H
1591 4248 1664 4313 (Δία)

451 4358 459 4375 .
523 4331 548 4374 et
565 4333 624 4376 ante
642 4342 710 4382 corr.
731 4329 760 4378 G.
784 4325 796 4395 Η
816 4331 850 4378 24
868 4331 1006 4381 accedunt
1023 4332 1053 4380 H
1070 4330 1151 4393 (Ηώς
1172 4331 1307 4381 accedent
1326 4332 1354 4385 G.
1372 4328 1385 4398 ll
1400 4348 1444 4383 res
1462 4337 1527 4382 sunt
1546 4335 1581 4384 G:
1600 4340 1665 4405 supt

524 4465 568 4504 res
586 4460 647 4503 ante
664 4468 732 4505 corr.
751 4456 779 4504 H
798 4454 839 4521 (L,
853 4410 983 4507 iunties
1007 4456 1149 4506 H0=res
1172 4460 1235 4507 eunt
1257 4434 1300 4521 lel-
1329 4453 1340 4524 ΙΙ
1370 4461 1402 4510 25
1425 4458 1598 4520 thelamones
1625 4461 1663 4510 L:

525 4533 695 4588 thalamones
715 4539 766 4588 GH
783 4535 838 4602 (Ic).
865 4542 912 4591 sed
927 4541 1000 4603 infra
1016 4558 1039 4591 v.
1058 4545 1075 4590 5
1089 4557 1117 4605 p.
1129 4557 1183 4607 seq.
1203 4541 1356 4593 telamones
1376 4543 1433 4595 GH.
1449 4541 1461 4610 [Ι
1477 4549 1572 4608 xystos
1591 4544 1666 4594 enim

526 4620 580 4669 cst:
593 4621 631 4668 eie
641 4620 698 4670 GH.
716 4618 728 4687 ΙΙ
743 4624 776 4672 26
790 4623 913 4689 anthlete
923 4630 981 4674 ante
991 4640 1060 4677 corr.
1073 4626 1102 4678 G.
1120 4622 1133 4693 ll
1148 4628 1181 4677 27
1193 4624 1317 4691 hypttros
1329 4628 1354 4677 L
1367 4628 1415 4692 (cf.
1423 4645 1451 4693 p.
1463 4632 1523 4689 123,
1537 4633 1570 4679 15
1579 4628 1664 4694 sqq.):

526 4696 650 4763 hypbrus
667 4706 696 4752 H
714 4703 768 4769 (lc),
785 4704 919 4771 hy'petrus
937 4705 1009 4772 (ante
1026 4711 1076 4774 ips.
1096 4726 1163 4764 corr.
1182 4710 1308 4779 hyptrus)
1328 4712 1358 4766 G.
