3984 5825
437 600 478 667 [u]
927 620 1084 667 urrunnu

437 771 593 837 denticuli
618 794 659 835 cx
682 772 874 859 proiecturis
897 794 1041 836 asserum
1063 771 1186 836 habent
1208 773 1434 837 imitationem.
1473 773 1581 859 itaque

436 875 470 939 in
492 872 628 938 Graccis
652 873 804 961 operibus
832 896 926 939 nenio
949 873 1011 938 snb
1033 873 1174 938 nurtulos
1197 872 1580 940 denticulos'constituit.

435 977 606 1042 nonenim
630 985 766 1064 possunt
788 975 901 1042 sirbtus
925 975 1108 1040 cantherios
1131 997 1256 1040 asseres
1280 997 1361 1040 esse.
1400 976 1489 1062 quod
1504 999 1580 1061 ergo

435 1100 532 1167 snpra
554 1077 736 1143 cantherios
761 1086 792 1142 et
814 1076 933 1165 templa
956 1079 990 1141 in
1006 1078 1144 1141 veritate
1165 1076 1264 1143 debet
1280 1099 1352 1141 csse
1367 1077 1580 1162 conlocatum,

401 1194 416 1243 o
436 1179 469 1244 id
492 1181 526 1245 in
548 1180 744 1263 imaginibus
763 1180 791 1242 si
813 1180 900 1243 infra
922 1181 1132 1244 constitutum
1147 1179 1247 1244 fuerit
1268 1180 1460 1245 mendosam
1481 1180 1579 1246 habe·

435 1282 484 1346 bit
506 1284 613 1369 operis
635 1282 801 1346 rationem.
853 1283 1015 1367 etiamque
1041 1281 1168 1367 antiqui
1195 1303 1260 1347 non
1283 1281 1506 1369 probaverunt
1526 1305 1579 1349 nc-

435 1406 498 1471 quo
520 1384 731 1447 instituerunt
752 1384 786 1447 in
808 1383 951 1468 fastigiis
972 1381 1114 1448 mutulos
1141 1392 1198 1449 aut
1225 1382 1407 1449 denticulos
1428 1384 1501 1449 fieri
1524 1384 1581 1449 sed

435 1508 530 1572 puras
559 1507 710 1567 coronae,
739 1485 812 1550 ideo
841 1485 927 1571 qirod
954 1507 1015 1575 nee
1042 1485 1201 1550 cantherii
1229 1507 1289 1549 nec
1317 1507 1445 1550 asseres
1469 1498 1581 1552 contra

434 1586 641 1671 fastigiorum
664 1586 786 1651 frontes
809 1587 1051 1652 distribuuntur
1072 1609 1132 1652 nec
1152 1596 1289 1673 possunt
1303 1588 1499 1675 prominere,
1522 1589 1581 1654 sed

385 1702 416 1752 lo
434 1688 476 1753 ad
499 1688 668 1753 stillicidia
691 1688 864 1776 proclinati
887 1687 1106 1753 conlocantur.
1150 1690 1197 1753 ita
1219 1689 1307 1774 synod
1329 1711 1394 1753 non
1415 1699 1526 1777 potest
1547 1692 1582 1757 in

434 1792 572 1855 veritate
594 1792 675 1873 fieri,
699 1790 733 1854 id
755 1813 820 1854 non
843 1801 1040 1878 putaverunt
1061 1793 1095 1854 in
1118 1791 1315 1877 imaginibus
1338 1790 1463 1857 factum
1486 1814 1581 1880 posse

435 1902 557 1957 certam
578 1895 736 1958 rationem
759 1893 889 1958 hahere.
935 1893 1043 1958 omnia
1066 1893 1153 1958 enim
1175 1903 1262 1956 certa
1283 1893 1487 1980 proprietate
1509 1904 1541 1959 et
1562 1911 1612 1958 ac

434 1996 522 2059 veris
544 2006 678 2061 naturae
701 1995 841 2060 deducta
863 1996 1009 2059 moribus
1030 1995 1288 2061 transduxerunt
1310 1995 1344 2058 in
1359 2016 1495 2083 operum
1510 2017 1581 2082 per·

434 2098 606 2178 lectiones,
635 2108 667 2162 ct
689 2118 726 2160 ea
748 2096 969 2184 probaverunt
997 2119 1133 2183 quorum
1156 2095 1393 2184 explicationes
1412 2098 1448 2161 in
1471 2097 1581 2185 dispu-

385 2213 416 2260 15
434 2199 613 2265 tationibus
642 2201 802 2264 rationem
829 2208 964 2286 possunt
987 2199 1107 2263 hahere
1129 2199 1290 2263 veritatis.
1334 2199 1447 2284 itaque
1470 2200 1582 2263 exeis

434 2300 616 2385 originibus
640 2302 846 2387 symmetrias
870 2310 901 2365 ct
923 2302 1148 2389 proportiones
1171 2299 1428 2389 uniuscuiusque
1451 2302 1580 2386 generis

434 2403 626 2467 constitutas
641 2402 852 2489 reliquerunt.
875 2423 1013 2490 quorum
1027 2404 1194 2487 ingressus
1206 2412 1396 2489 persecutus
1411 2402 1455 2467 de
1465 2402 1581 2468 ionicis

435 2514 467 2570 ct
496 2504 664 2572 corinthiis
691 2504 951 2569 institutionibus
979 2527 1077 2593 supra
1105 2504 1193 2587 dixi,
1220 2526 1306 2569 nuno
1333 2526 1413 2569 vero
1436 2504 1581 2571 doricam

433 2607 593 2673 rationem
615 2628 836 2693 summamque
859 2608 928 2670 eins
951 2608 1093 2694 speciem
1114 2606 1260 2674 breviter
1282 2628 1455 2695 exponam.

383 2721 425 2771 111
521 2707 676 2774 Nonnulli
688 2709 815 2798 antiqui
830 2707 998 2774 architecti
1010 2719 1214 2793 negaverunt
1226 2707 1338 2774 dorico
1349 2728 1471 2793 genere
1481 2707 1579 2773 aedes
1599 2728 1612 2776 1

384 2824 415 2872 21
434 2833 541 2876 sacras
572 2820 721 2899 oportere
747 2811 834 2893 fieri,
867 2809 954 2898 quod
979 2810 1155 2875 mendosae
1183 2820 1215 2876 et
1237 2811 1522 2877 disconvenientes
1546 2812 1581 2873 in

434 2914 485 2979 his
504 2916 715 3002 symmetriae
731 2914 995 2979 conficiebantur.
1031 2915 1141 2999 itaque
1158 2915 1294 3000 negavit
1308 2913 1476 2993 Arcesius,
1499 2913 1580 2976 item

434 3017 589 3104 Pytheos,
613 3040 678 3106 non
699 3019 805 3081 minus
830 3015 1065 3100 Hermogenes.
1108 3038 1184 3078 nam
1207 3016 1238 3080 is
1259 3037 1333 3078 cnm
1354 3021 1502 3101 paratam
1524 3012 1579 3076 ha·

436 3121 560 3184 buissct
582 3120 751 3184 marmoris
772 3119 898 3205 copiam
918 3119 952 3182 in
967 3117 1099 3181 doricae
1118 3117 1209 3182 aedis
1225 3116 1470 3204 perfectionem,
1493 3136 1578 3180 com·

383 3239 415 3288 ‘25
434 3222 573 3285 mutavit
597 3243 638 3284 ex
661 3220 774 3284 eadem
802 3220 895 3306 copia
917 3228 949 3284 ct
977 3241 1047 3282 cam
1070 3220 1211 3283 ionicam
1232 3218 1353 3283 Libero
1375 3218 1468 3282 Patri
1489 3216 1578 3280 fecit.

435 3322 493 3386 sed
521 3332 631 3386 tamen
658 3344 724 3385 non
751 3320 838 3407 quod
864 3322 1039 3385 invenusta
1074 3330 1124 3386 est
1151 3321 1277 3408 species
1309 3328 1366 3385 aut
1392 3340 1496 3404 genus
1524 3328 1580 3382 aut

435 3423 560 3487 fonsae
586 3423 747 3507 dignitas,
786 3422 844 3486 scd
874 3421 961 3508 quod
993 3421 1140 3508 inpedita
1168 3432 1219 3488 est
1250 3432 1283 3486 et
1310 3419 1518 3486 incommoda
1544 3421 1579 3483 in

435 3544 532 3610 opere
565 3522 804 3609 triglyphorum
840 3533 871 3588 et
904 3523 1143 3588 lacunariorum
1181 3523 1380 3588 distributio.
1439 3543 1612 3607 namqnea

434 3646 568 3688 neeesse
595 3635 644 3690 est
666 3624 848 3712 triglyphos
877 3626 1031 3690 constitui
1059 3635 1171 3690 contra
1198 3623 1323 3688 medios
1346 3631 1504 3688 tetrantes
1527 3645 1578 3687 co-

384 3725 628 3810 301umnarum,
650 3736 859 3814 metopasque
881 3749 964 3813 quae
986 3727 1072 3791 inter
1092 3725 1278 3814 triglyphos
1293 3724 1374 3792 fient
1391 3747 1496 3814 aeque
1510 3725 1577 3791 lon·

504 3988 518 4038 1
536 3985 673 4038 denticuli
695 4001 729 4036 ex
750 3986 820 4039 Jaca
850 3985 999 4038 denticulis
1021 3989 1051 4036 et
1070 3985 1124 4036 GH
1143 3981 1199 4047 (m,
1224 3983 1425 4036 denticulorum
1447 3987 1477 4034 et
1494 3982 1545 4050 eb).
1564 3983 1576 4050 ll

434 4077 450 4126 2
469 4070 586 4124 mutulos
604 4071 691 4124 Man:
714 4069 817 4121 mutulo
841 4071 901 4122 GH.
924 4068 936 4138 ΙΙ
958 4073 975 4122 4
992 4071 1111 4121 veritate
1131 4070 1166 4122 G:
1188 4073 1279 4120 -tem
1301 4069 1333 4119 11
1353 4066 1401 4132 (L,
1419 4071 1483 4120 —tc
1499 4068 1544 4132 cl).
1564 4067 1576 4130 it

435 4160 451 4208 6
470 4159 610 4222 etiamque
627 4157 697 4210 Joas
718 4155 802 4208 etiam
819 4155 891 4222 quod
904 4154 952 4222 (qd
965 4155 997 4220 G)
1016 4155 1075 4206 GH.
1096 4150 1109 4221 ΙΙ
1129 4156 1144 4206 7
1162 4153 1281 4206 mutulos
1299 4157 1348 4204 ant
1365 4169 1412 4208 om.
1433 4153 1497 4204 GH:
1516 4154 1578 4204 add.

435 4261 501 4314 Pru.
517 4255 530 4326 ΙΙ
547 4261 579 4312 10
591 4257 709 4310 stillleia
723 4257 761 4313 11.
777 4253 789 4326 ΙΙ
807 4259 837 4308 11
850 4247 1049 4326 potueruntne
1061 4254 1283 4323 (=putaverunt
1298 4253 1367 4321 Lu).
1384 4250 1397 4322 ΙΙ
1414 4257 1447 4307 1a
1459 4253 1579 4306 deducta

435 4345 498 4398 Lor.
517 4341 609 4410 (mle
627 4341 755 4396 deductis
765 4341 823 4394 011.
842 4338 854 4411 ΙΙ
869 4344 901 4394 21
915 4341 1151 4394 disconvenientia
1162 4348 1222 4392 ante
1233 4355 1301 4394 corr.
1309 4340 1347 4394 11.
1367 4335 1380 4406 Ι]
1403 4341 1436 4390 12
1448 4338 1579 4391 Arcesius

435 4445 493 4496 ego:
513 4409 668 4484 tanhaeim
687 4427 741 4482 1111
755 4423 807 4490 (11,
826 4427 971 4480 menenius
987 4423 1038 4492 ab).
1072 4428 1138 4478 Mem
1156 4424 1278 4494 argslius
1294 4425 1368 4490 infra
1389 4424 1450 4475 VII
1463 4425 1552 4490 praes.
1563 4421 1575 4491 ll

435 4517 468 4566 28
485 4513 620 4580 Pytheos:
640 4513 757 4582 pynon·
769 4513 828 4566 1111.
839 4513 874 4578 es.
886 4529 914 4580 p.
932 4515 956 4574 8,
970 4516 994 4566 4.
1011 4508 1024 4580 ΙΙ
1038 4514 1073 4564 24
1085 4511 1265 4563 commutavit
1277 4511 1331 4562 GH
1341 4509 1387 4576 (sc.
1399 4511 1576 4575 symmetrian,

436 4605 463 4648 st
485 4597 516 4658 V,
534 4601 558 4658 1.
576 4597 614 4662 1).
641 4595 654 4666 ΙΙ
681 4599 714 4652 2⁸1
736 4601 780 4650 est
802 4601 831 4650 et
852 4597 929 4654 Lea:
961 4601 1006 4650 est
1021 4597 1182 4650 dmtributio
1204 4594 1252 4660 (ea
1267 4613 1292 4647 a.
1309 4594 1355 4661 28)
1380 4597 1409 4646 et
1428 4595 1487 4647 GH.
1510 4591 1523 4660 ΙΙ
1546 4594 1578 4644 ‘28

439 4677 596 4734 dlstributlo
614 4681 692 4742 laon:
713 4697 798 4736 -ons
818 4683 877 4739 011.
898 4679 912 4752 ll
934 4685 968 4736 80
984 4683 1129 4750 metophas
1149 4681 1203 4734 Gli
1218 4680 1255 4746 (et
1269 4684 1308 4734 rte
1324 4679 1447 4748 semper).
