3984 5825
460 655 525 719 260
950 667 1112 714 vrrsnvrr

460 846 533 887 cum
556 823 663 885 catino
681 842 782 884 cuneo
798 821 933 884 traiecto
949 821 1145 899 continetur,
1168 840 1209 882 ne
1230 819 1282 882 vis
1298 817 1495 882 inflationis
1520 837 1626 902 aquae

367 943 375 960 ’
460 947 530 987 earn
553 932 648 1008 cogat
671 921 803 986 elevari.
848 922 982 1008 insuper
1004 919 1123 1000 fistula,
1148 942 1230 1006 quae
1252 918 1332 983 tuba
1356 919 1504 997 dicitur,
1530 939 1625 1002 coag-

458 1034 603 1089 mentata
626 1026 659 1086 in
682 1022 857 1087 altitudine
880 1023 917 1087 fit
939 1032 1058 1086 erecta.
1087 1021 1221 1086 modioli
1242 1031 1354 1085 autem
1379 1020 1519 1085 habent
1541 1018 1626 1083 infra

458 1149 553 1190 nares
576 1126 746 1189 inferiores
769 1123 953 1189 fistularum
975 1146 1066 1187 asses
1089 1124 1299 1210 interpositos
1322 1145 1430 1210 supra
1456 1122 1626 1186 foramina

422 1242 568 1292 beorum
603 1248 685 1314 quae
718 1236 794 1290 sunt
821 1229 856 1290 in
886 1225 1009 1290 fundis.
1054 1228 1100 1289 ita
1133 1225 1175 1288 de
1207 1227 1358 1312 supernis
1396 1226 1435 1287 in
1469 1223 1653 1288 modiolis3

458 1329 578 1394 emboli
600 1326 738 1392 masculi
761 1337 854 1392 torno
877 1327 970 1415 politi
1000 1338 1033 1390 et
1060 1325 1131 1391 oleo
1160 1328 1288 1391 subacti
1316 1324 1551 1411 conclusique
1576 1348 1624 1389 re·

456 1429 542 1515 gulis
566 1439 598 1493 et
621 1430 771 1492 vectibus
794 1428 1045 1494 commoliuntur
1066 1432 1123 1514 qui
1146 1432 1208 1494 erit
1222 1451 1277 1493 aer
1299 1427 1348 1491 ibi
1373 1449 1458 1491 cum
1483 1449 1575 1513 aqua
1596 1439 1626 1491 et

456 1531 584 1596 assibus
601 1530 829 1594 obturantibus
846 1531 1005 1596 foramina
1027 1520 1180 1614 cogentes
1195 1530 1332 1594 trudunt
1347 1529 1514 1594 inflando
1539 1552 1626 1616 pres-

457 1632 604 1699 sionibus
628 1654 686 1719 per
707 1630 890 1696 fistularum
912 1653 1007 1694 nares
1029 1653 1147 1718 aquam
1168 1633 1202 1694 in
1224 1634 1392 1715 catinum,
1427 1654 1447 1695 e
1481 1654 1553 1718 quo
1580 1653 1624 1695 re

407 1748 438 1797 10
457 1737 581 1822 cipiens
604 1732 742 1820 paenula
765 1734 882 1818 spiritu
905 1734 1062 1818 exprimit
1084 1755 1142 1818 per
1163 1731 1305 1798 fistulam
1327 1735 1365 1796 in
1390 1732 1625 1813 altitudinem,

457 1847 489 1900 et
510 1838 557 1901 ita
580 1857 622 1899 ex
643 1834 798 1898 inferiore
820 1833 890 1898 loeo
914 1833 1046 1898 castello
1070 1833 1237 1899 conlocato
1252 1835 1295 1897 ad
1312 1833 1522 1898 saliendum
1545 1857 1626 1921 aqua

456 1937 731 2002 subministratur.
1474 2000 1476 2005 ,

540 2039 609 2102 Nec
631 2049 740 2102 tamen
763 2038 843 2101 haec
866 2036 935 2101 sola
956 2041 1040 2102 ratio
1057 2037 1197 2103 Ctesibii
1217 2038 1320 2102 sertur
1344 2038 1548 2124 exquisita,
1573 2039 1650 2103 sedi

456 2142 554 2205 etiam
577 2139 686 2227 plures
710 2150 742 2203 et
764 2140 866 2203 variis
889 2140 1066 2225 generibus
1090 2139 1131 2204 ab
1155 2162 1191 2204 eo
1213 2138 1350 2224 liquoris
1384 2140 1625 2227 pressionibus

407 2256 437 2304 15
456 2252 568 2306 coacto
592 2243 711 2328 spiritu
733 2241 845 2303 efferre
871 2241 913 2304 ab
941 2253 1058 2306 natura
1080 2250 1243 2306 mutuatos
1267 2241 1411 2304 effectus
1438 2243 1624 2306 ostendun-

455 2353 518 2423 tur,
540 2344 591 2406 uti
612 2340 809 2405 merularum
831 2364 934 2428 aquae
948 2353 1039 2408 motu
1054 2365 1150 2407 voces
1165 2353 1264 2429 atque
1278 2342 1485 2428 angobatae
1511 2343 1623 2408 biben-

455 2446 564 2530 tiaque
588 2453 619 2506 et
643 2443 756 2506 eadem
778 2445 945 2508 moventia
967 2444 1088 2530 sigilla,
1112 2455 1284 2531 ceteraque
1307 2466 1400 2530 quae
1423 2443 1623 2511 delectatio·

454 2545 552 2609 nibus
576 2544 742 2608 oculorum
765 2555 796 2609 et
818 2547 944 2609 aurium
960 2569 1022 2610 usu
1043 2569 1157 2610 sensus
1174 2546 1426 2611 eblandiantur.
1467 2569 1488 2611 e
1506 2548 1649 2634 quibust

454 2669 535 2733 quae
558 2647 701 2709 maxime
723 2646 818 2710 utilia
842 2657 874 2711 et
895 2650 1079 2712 necessaria
1093 2648 1240 2712 iudicavi
1256 2646 1377 2733 selegi,
1405 2658 1443 2713 et
1460 2649 1502 2713 in
1518 2652 1624 2737 priore

402 2763 435 2809 20
454 2747 619 2812 volumine
642 2747 683 2810 de
705 2746 900 2833 horologiis,
929 2751 963 2813 in
985 2750 1048 2813 hoc
1070 2750 1111 2812 de
1134 2749 1411 2837 expressionibus
1437 2773 1556 2838 aquae
1578 2753 1622 2817 di·

453 2849 592 2914 cendum
615 2850 740 2937 putavi.
784 2849 911 2938 reliqua
934 2873 1016 2938 quae
1038 2874 1103 2918 non
1126 2851 1264 2916 suntad
1286 2854 1546 2918 necessitatem
1569 2854 1622 2919 sed

451 2953 494 3016 ad
518 2951 710 3016 deliciarum
732 2950 934 3037 voluptatem
957 2955 1014 3039 qui
1041 2954 1225 3040 cupidiores
1254 2964 1352 3018 erunt
1384 2957 1465 3019 eius
1492 2956 1620 3021 subtili·

451 3056 529 3119 tatis
553 3055 720 3142 exipsius
744 3053 884 3117 Ctesibii
907 3058 1148 3119 commentariis
1171 3066 1324 3143 poterunt
1348 3058 1533 3144 invenire.

518 3366 533 3413 2
553 3362 657 3414 elevari
675 3362 766 3414 Scitis:
786 3380 849 3414 —re
870 3364 927 3415 ΕΗ.
947 3360 960 3431 ss
980 3368 995 3415 3
1015 3363 1160 3415 altitudine
1178 3365 1208 3415 H
1225 3362 1308 3429 (Ηώς
1327 3370 1404 3417 -nd
1426 3370 1462 3420 G.
1486 3366 1501 3436 ΙΙ
1524 3370 1622 3422 icon·

450 3448 587 3499 moluntur
606 3448 800 3511 (—molinntnr
818 3450 888 3501 Mar.
907 3467 960 3499 cum
978 3450 1044 3513 rec.)
1064 3452 1110 3514 qui
1129 3451 1182 3500 erit
1201 3466 1256 3499 aer.
1275 3450 1315 3499 ibi
1338 3452 1378 3500 cir
1400 3467 1487 3517 aqna
1516 3454 1559 3519 (et
1576 3458 1621 3507 ad-

450 3532 514 3596 didi)
534 3532 642 3581 assibus
662 3534 721 3585 GH.
743 3528 755 3598 Η
778 3534 1013 3585 Subducentibus
1034 3535 1083 3585 GH
1102 3533 1145 3598 (L,
1159 3536 1356 3586 obturantibus
1378 3537 1427 3602 Ic).
1448 3533 1463 3604 ll
1488 3547 1621 3606 cogentes

449 3614 563 3665 tnrdunt
586 3631 632 3680 epo
660 3616 774 3683 (cogunt
797 3625 825 3667 et
847 3619 994 3669 extrudunt
1017 3620 1103 3684 doc.):
1134 3620 1418 3684 cogent.extrudent
1452 3623 1521 3673 GH.
1550 3622 1563 3692 11
1591 3628 1620 3676 10

449 3700 549 3765 spiritu
566 3701 657 3753 Perr.:
677 3703 790 3766 spiritns
810 3703 868 3752 GH.
890 3700 963 3781 {lli
976 3704 1107 3754 inferiore
1120 3705 1190 3755 doe:
1209 3704 1343 3753 interiore
1366 3706 1432 3756 ΕΗ.
1457 3704 1475 3774 Η
1502 3712 1538 3761 13
1557 3708 1620 3759 Cte-

450 3784 515 3835 sibii
532 3784 602 3835 loca
618 3783 783 3835 &hesibiH
792 3784 933 3850 (ethesibi
952 3789 986 3844 L,
1004 3790 1092 3853 quibus
1110 3790 1147 3838 L⁶
1168 3790 1234 3839 linea
1251 3790 1381 3839 subducta
1397 3806 1494 3857 errpra
1513 3796 1621 3859 scripsit

449 3881 476 3932 p.
495 3869 712 3934 n.=proprium
736 3869 859 3934 nomen),
883 3874 911 3920 et
932 3871 967 3937 he
991 3873 1046 3921 sibi
1067 3872 1088 3922 Ε
1107 3873 1152 3935 (Ic,
1176 3873 1267 3938 hesibi
1292 3875 1365 3936 conj.
1392 3876 1459 3940 Gc).
1485 3874 1500 3945 ΙΙ
1528 3881 1562 3929 14
1585 3880 1618 3929 ab

451 3969 482 4004 eo
502 3951 548 4016 (sc.
571 3954 690 4017 Ctesibio)
710 3954 826 4019 liquoris
845 3971 904 4018 epo:
926 3956 1006 4007 abeo
1025 3958 1130 4021 liquore
1150 3958 1208 4010 ΕΗ,
1231 3953 1244 4022 ΙΙ
1268 3960 1299 4007 15
1313 3963 1417 4009 coacto
1435 3960 1546 4028 (Mar.)
1567 3965 1619 4029 spi·

449 4038 505 4087 ritu
524 4037 616 4101 (doc.):
641 4043 754 4088 coactae
776 4038 847 4104 (-te
868 4040 899 4101 Ε)
924 4043 1039 4105 spiritus
1060 4041 1118 4093 ΕΗ,
1142 4039 1154 4107 Η
1181 4042 1364 4092 ostenduntur
1388 4047 1451 4097 ed.:
1479 4048 1619 4098 —dentur

451 4121 504 4171 ΕΗ
520 4122 561 4184 (L,
580 4122 687 4172 -ditur
705 4122 749 4187 lc).
774 4121 786 4187 ll
811 4125 841 4171 16
861 4124 1027 4175 merularum
1046 4142 1136 4191 aquae
1155 4130 1229 4175 motu
1251 4126 1399 4180 Turnebus:
1421 4130 1618 4182 merularum-

448 4220 501 4269 que
522 4205 889 4272 (-rumq3Ll,-ri1qnae
910 4210 941 4270 Ε)
960 4214 1037 4260 motu
1056 4211 1115 4263 GH.
1140 4206 1152 4276 ll
1176 4225 1259 4260 voces
1277 4212 1306 4259 H
1323 4210 1414 4275 (Llc):
1443 4216 1531 4266 vocis
1552 4217 1582 4270 Ε.
1603 4214 1614 4278 il

448 4290 620 4355 angobetae:
641 4291 797 4355 angubatae
817 4292 845 4340 H
863 4290 943 4358 (Hc),
964 4296 1104 4361 angebate
1125 4299 1153 4349 Ε.
1177 4290 1189 4359 ΙΙ
1213 4295 1368 4361 bibentiaq3
1390 4296 1615 4366 (libentiaq310)

434 4372 470 4438 ¹ds
494 4372 532 4436 (et
552 4374 582 4437 Ε)
603 4375 699 4425 eadem
717 4380 828 4426 movent
850 4392 884 4425 es
904 4375 1053 4442 (moventia
1071 4379 1155 4444 Mar.)
1179 4378 1275 4445 sigilla
1294 4380 1354 4429 ΕΗ.
1372 4377 1385 4446 ΙΙ
1403 4383 1441 4431 18
1464 4386 1615 4436 errantium

447 4460 477 4508 lc.
501 4455 512 4524 ΙΙ
537 4458 743 4511 eblandisntur:
762 4462 800 4510 sie
813 4462 870 4511 ΕΗ.
892 4458 904 4528 ll
925 4466 956 4513 19
974 4463 1098 4513 iudicavi
1116 4465 1205 4529 selegi
1222 4464 1291 4517 doe:
1310 4464 1463 4517 iudicabis
1484 4469 1566 4535 elegi
1585 4472 1613 4527 Ε,

447 4542 582 4592 iudicante
600 4543 679 4609 elegi
690 4545 721 4593 H
732 4544 797 4606 (Llc,
810 4540 857 4595 sed
868 4548 905 4595 La
918 4547 1042 4597 indicaui
1054 4548 1136 4612 elegi,
1154 4560 1182 4598 cc
1198 4556 1223 4599 et
1235 4549 1251 4597 Ιι
1262 4548 1459 4602 iudicauimus
1481 4554 1584 4619 elegi).
1600 4555 1611 4616 ll

446 4627 479 4673 22
497 4626 667 4691 voluptatem
680 4630 749 4680 dou:
778 4630 948 4681 voluntatem
969 4633 1026 4685 GH.
1047 4629 1061 4699 ll
1080 4636 1113 4682 23
1131 4633 1250 4683 Ctesibii
1267 4634 1494 4688 doe.:‘etheeibi
1513 4640 1550 4688 H
1557 4638 1611 4706 .(L,

447 4706 559 4759 &hesibi
577 4711 614 4767 el,
635 4711 753 4778 ethesibi
771 4714 800 4779 l),
820 4719 847 4763 et
865 4715 914 4782 bes
932 4716 972 4764 ibi
992 4717 1020 4770 G.
