3984 5825
749 668 796 716 nn
816 667 1085 716 assumserunt
1107 669 1176 717 mn.
1199 669 1234 719 x.
1499 657 1562 720 243

418 841 493 884 nam
526 821 582 906 qui
610 821 849 908 quadringenta
874 822 917 886 ud
940 842 1020 910 opus
1050 832 1186 910 possunt
1208 841 1338 908 parare,
1368 822 1397 885 si
1418 823 1562 889 adicient

417 932 566 1005 centum,
589 921 739 988 habendo
761 945 852 1011 spem
875 923 1083 1010 perlectionis
1107 921 1376 987 delectationibus
1399 933 1561 1006 tenentur,

418 1025 475 1109 qui
497 1035 605 1088 autem
628 1024 812 1090 adiectione
827 1023 965 1089 dimidia
979 1034 1036 1089 aut
1058 1024 1215 1112 ampliore
1230 1033 1359 1112 sumptu
1376 1035 1560 1108 onerantur,

417 1126 538 1189 amissa
560 1148 618 1212 spe
640 1135 672 1190 et
695 1128 831 1212 inpensa
852 1126 997 1208 abiecta,
1027 1127 1140 1191 fractis
1162 1126 1259 1192 robus
1283 1136 1315 1190 et
1336 1128 1453 1191 animis
1477 1127 1560 1192 desi-

380 1236 504 1292 assero
526 1236 696 1312 cognmtur.
739 1249 800 1292 nec
822 1226 926 1293 solum
949 1227 983 1291 id
1006 1229 1124 1292 vitium
1146 1229 1181 1291 in
1202 1226 1359 1291 aedificiis
1382 1229 1441 1294 sed
1464 1231 1596 1294 etiams

416 1331 450 1393 in
481 1329 670 1393 muneribus
700 1351 783 1417 quae
810 1328 1097 1415 amagistratibus
1126 1329 1196 1395 foro
1224 1328 1442 1414 gladiatorum
1473 1353 1560 1396 scac-

416 1431 534 1515 nisque
562 1429 711 1495 ludorum
741 1430 875 1514 dantur,
912 1432 1030 1517 quibus
1065 1452 1126 1496 nec
1159 1452 1248 1495 mora
1276 1452 1382 1519 neque
1409 1443 1560 1520 expecta-

414 1533 464 1595 tio
486 1531 676 1597 conceditur
702 1533 760 1596 sed
787 1533 965 1598 necessitas
993 1532 1085 1599 finito
1114 1542 1258 1620 tempore
1280 1533 1438 1621 perficere
1461 1536 1560 1621 cogit,

415 1632 452 1696 id
487 1644 538 1697 est
570 1632 664 1698 sedes
693 1634 952 1720 spectaculorum
986 1634 1197 1721 velorumque
1225 1635 1430 1701 inductiones
1465 1646 1497 1700 ct
1525 1659 1562 1701 ea

416 1736 528 1798 omnia
551 1756 633 1821 qnae
657 1737 814 1800 scaenicis
837 1736 981 1803 moribus
1004 1759 1062 1825 por
1084 1735 1354 1802 machinationem
1371 1738 1412 1801 ad
1436 1749 1613 1826 specta-10

414 1838 522 1901 tiones
544 1835 665 1924 populo
687 1848 924 1927 comparantur.
969 1839 1004 1902 in
1032 1838 1082 1902 his
1106 1859 1183 1901 vero
1206 1860 1287 1926 opus
1311 1849 1360 1905 est
1387 1840 1562 1927 prudentia

414 1937 559 2024 diligens
588 1947 620 2003 et
648 1939 772 2024 ingenii
801 1940 983 2004 doctissimi
1007 1940 1200 2024 cogitatum,
1230 1939 1316 2026 quod
1344 1940 1428 2005 nihil
1449 1962 1559 2005 eorum

414 2039 583 2127 perficitur
611 2041 682 2104 sine
709 2041 948 2106 machinationo
977 2040 1223 2128 studiorumque
1251 2043 1342 2106 vario
1369 2064 1408 2106 ac
1436 2041 1559 2109 sollerti

379 2143 541 2226 erigere.
591 2142 693 2226 igitur
721 2143 874 2229 quoniam
902 2143 982 2207 hacc
1005 2144 1050 2208 ita
1072 2153 1147 2208 sunt
1174 2142 1295 2207 tradita
1318 2152 1350 2208 et
1373 2145 1560 2228 constituta,

414 2265 480 2305 non
509 2243 640 2307 videtur
674 2266 746 2308 essc
778 2244 919 2309 alienum
952 2247 1001 2310 uti
1034 2255 1128 2309 caute
1161 2266 1349 2330 sununaque
1377 2243 1611 2330 diligentiam

413 2353 589 2431 antequam
623 2345 836 2411 instituuntur
870 2368 983 2433 opera,
1008 2352 1130 2411 'eorum
1160 2345 1378 2433 expediantur
1407 2349 1560 2413 rationes.

415 2469 494 2531 orgo
522 2447 675 2532 quoniam
702 2469 806 2534 nequo
834 2447 888 2512 lex
916 2453 1021 2535 neque
1048 2469 1173 2512 morum
1202 2448 1365 2513 institutio
1392 2448 1426 2512 id
1455 2461 1563 2537 potest

415 2570 533 2632 surgere
561 2557 594 2612 ct
622 2551 794 2635 quotannis
824 2559 856 2614 ct
883 2559 1047 2637 praetores
1076 2558 1109 2613 et
1136 2548 1258 2613 aediles
1291 2548 1440 2615 ludorum
1465 2574 1562 2617 causa

414 2649 672 2714 machinationes
696 2673 889 2739 praeparare
905 2651 1043 2733 dehent,
1067 2652 1173 2714 visum
1191 2650 1271 2714 mihi
1288 2661 1349 2734 est,
1374 2653 1560 2740 imperator,

416 2773 481 2814 non
508 2772 581 2815 esse
602 2750 760 2835 alienum,
789 2755 940 2839 quoniam
968 2752 1010 2815 do
1032 2751 1190 2815 aedificiis
1220 2751 1254 2812 in
1282 2751 1446 2836 prioribus
1471 2754 1560 2818 volu-
1580 2767 1612 2812 ao

415 2852 559 2917 minibus
583 2854 738 2942 exposui,
767 2855 802 2918 in
829 2853 891 2920 hoc
913 2853 1000 2941 quod
1028 2853 1207 2918 linitionem
1230 2868 1391 2916 sunnnmn
1415 2857 1559 2942 corporis

418 2954 515 3019 habet
538 2956 762 3040 constitutam,
787 2978 869 3043 quae
891 2958 957 3020 sint
980 2955 1141 3043 principia
1164 2952 1384 3018 nrachinarum
1408 2955 1558 3020 ordinata

416 3058 600 3144 praeceptis
623 3056 797 3143 explicare.
931 3049 935 3066 ’

391 3172 399 3217 1
502 3158 656 3222 Machina
684 3169 733 3223 est
767 3159 934 3224 continens
963 3181 980 3222 c
1013 3159 1147 3223 materia
1181 3158 1365 3223 coniunctio
1398 3159 1590 3225 maximasl

416 3257 457 3321 ad
480 3281 613 3323 onerum
637 3270 743 3324 motus
771 3259 894 3325 habens
917 3260 1068 3324 virtutes.
1113 3281 1150 3321 ca
1171 3269 1320 3322 movetur
1342 3282 1384 3323 cx
1405 3269 1474 3324 arte
1497 3262 1558 3325 cir·
1578 3273 1610 3320 ⁸25

418 3359 563 3426 culorum
599 3359 900 3442 rotundationibus,
939 3383 1036 3447 quam
1070 3359 1188 3423 Graeci
1224 3362 1389 3444 κυκλικην
1425 3380 1559 3445 κινησιν

417 3462 592 3550 appellant.
643 3473 692 3527 est
719 3471 828 3528 autem
854 3484 955 3526 unum
981 3484 1085 3546 genus
1107 3461 1306 3525 scansorium
1328 3462 1416 3549 quod
1442 3486 1559 3548 graece

418 3566 643 3648 ακροβατικον
665 3564 801 3645 dicitur,
824 3563 961 3628 alterum
984 3561 1140 3650 spirabile
1156 3562 1242 3648 qnod
1264 3563 1352 3650 apud
1376 3586 1430 3628 cos
1453 3586 1558 3630 πνευ-

417 3688 559 3749 ματικον
591 3664 789 3753 appellatur,
822 3666 954 3729 tortium
986 3665 1192 3746 tractorium,
1230 3664 1264 3729 id
1297 3675 1406 3731 autem
1441 3665 1558 3731 Graeci

486 3958 498 4005 1
519 3955 722 4022 quadringenta
740 3957 793 4008 cd:
813 3954 998 4022 quadraginta
1016 3955 1102 4010 EGH.
1118 3952 1130 4021 ll
1149 3954 1282 4006 adicient:
1301 3956 1339 4004 sic
1357 3953 1434 4004 nal!
1453 3950 1557 4018 (-iaut.

417 4038 496 4103 doe).
520 4035 532 4106 ΙΙ
555 4032 764 4106 θςίειιιᾶἷαῐοτῆ
782 4049 842 4091 ante
860 4057 929 4093 cora
950 4041 1051 4103 G(noa
1068 4039 1113 4103 E).
1136 4034 1147 4104 ll
1172 4040 1318 4101 scenisque
1337 4041 1390 4089 ert:
1409 4038 1556 4100 scenicisq3

417 4124 503 4175 EGH.
520 4120 533 4191 ll
547 4127 563 4174 9
576 4129 605 4175 et
617 4142 650 4176 ea
662 4126 734 4179 doc:
753 4130 816 4175 sunt
830 4123 851 4189 (.
861 4124 918 4187 EG)
929 4123 951 4174 du
964 4140 998 4174 ea
1010 4123 1096 4174 EGH.
1115 4119 1127 4189 ΙΙ
1144 4124 1174 4172 10
1192 4121 1323 4172 moribus:
1345 4121 1442 4185 inorib3
1463 4123 1483 4171 (ι’
1497 4120 1556 4183 (sarra
1646 4113 1649 4124 '

417 4208 460 4273 Ε).
480 4212 538 4259 item
549 4226 571 4260 a.
586 4212 618 4258 17
630 4210 709 4260 inorir
724 4208 817 4273 (ileon
827 4207 872 4272 lt).
887 4206 898 4276 ll
913 4207 1104 4273 spectationes
1117 4206 1177 4258 EG:
1192 4205 1268 4255 -nis
1280 4207 1308 4256 I!
1323 4204 1400 4268 (lale).
1419 4201 1430 4271 ll
1452 4207 1482 4254 12
1495 4204 1556 4253 ‹lili-

417 4307 497 4356 gcnst
509 4294 548 4343 sic
556 4293 637 4343 EGII
647 4291 787 4359 (diligenti
795 4294 872 4358 doe).
886 4291 898 4359 {l
909 4293 1059 4358 cogitatum
1070 4306 1129 4356 epo:
1144 4291 1269 4355 cogitata
1281 4290 1359 4340 Eh'll
1369 4293 1441 4351 (—-tu
1451 4290 1527 4352 .lo‹¹.).
1552 4319 1553 4338 t

416 4377 447 4425 21
467 4376 540 4440 qnod
563 4377 654 4431 Salsa:
682 4379 728 4443 qui
751 4378 839 4430 EGHs
862 4375 874 4444 ΙΙ
897 4379 929 4427 24
953 4377 1099 4427 amataria:
1126 4377 1163 4424 sic
1181 4375 1266 4424 EGII.
1290 4370 1302 4440 ll
1330 4375 1361 4424 ‘26
1385 4390 1464 4438 quam
1485 4373 1508 4421 Ε
1530 4382 1555 4420 et

418 4460 491 4525 (qui)
512 4463 545 4512 G:
566 4465 617 4526 qus',¹
634 4463 665 4511 J!
681 4459 723 4525 (ela
740 4470 766 4512 et
783 4469 842 4512 ante
860 4465 907 4526 ips.
926 4478 995 4512 corr.
1017 4460 1057 4524 (ι’).
1081 4457 1092 4525 ll
1117 4459 1239 4523 cyolicen
1259 4459 1365 4508 sinesin
1386 4459 1469 4507 h'b'll.
1492 4454 1503 4520 ll
1524 4459 1555 4505 27

416 4560 575 4595 scansorum
592 4544 657 4610 {ante
680 4562 749 4600 corr.
774 4546 796 4594 Ε
819 4546 904 4609 (—rn's
926 4547 967 4612 (ι’).
997 4542 1009 4610 ΙΙ
1035 4547 1068 4593 ‘28
1091 4544 1268 4594 acrobaticon
1291 4543 1369 4594 EGII
1392 4541 1426 4605 (t
1450 4548 1474 4590 et
1497 4548 1555 4590 (ente

416 4647 483 4681 corr.
501 4634 522 4689 1,
543 4631 719 4682 acrobatiecn
737 4630 809 4694 scel).
832 4626 844 4696 ll
867 4630 999 4696 spirabile
1019 4629 1096 4677 EGII
1114 4625 1161 4690 (L,
1184 4627 1309 4691 spirltslo
1328 4623 1371 4691 lc).
1392 4622 1404 4692 ll
1426 4640 1554 4690 pneuma-

416 4715 490 4765 ticon
510 4716 595 4765 ΕΘΗ.

1288 4792 1352 4856 16*
