3984 5825
435 679 477 741 96
932 694 1089 741 vrraovn

434 846 610 933 inpedierit
638 845 804 932 liberaque
832 845 932 911 fuerit
959 856 1118 933 patenae,
1148 847 1239 911 aedis
1270 849 1466 934 signumque
1494 849 1584 934 quod

434 950 495 1011 erit
523 952 556 1013 in
585 946 666 1010 cella
694 947 894 1012 conlocatum
918 959 1042 1034 spectet
1064 949 1106 1011 ad
1128 952 1348 1036 vespertinam
1371 950 1453 1015 caeli
1475 955 1582 1036 regio-

433 1073 522 1132 nem,
551 1052 599 1113 uti
629 1052 685 1135 qui
706 1050 848 1114 adierint
869 1049 912 1112 ad
933 1072 1023 1112 aram
1045 1049 1248 1114 immolantes
1270 1061 1327 1114 aut
1350 1053 1511 1116 sacrificia
1533 1053 1582 1116 fa-

434 1155 555 1215 cientes
585 1161 733 1237 spectent
760 1151 803 1214 ad
830 1160 955 1236 p'artem
984 1150 1065 1214 caeli
1094 1153 1227 1215 orientis
1256 1152 1466 1218 simulacrum
1494 1155 1583 1240 quod

399 1263 415 1309 ὃ
434 1256 494 1317 erit
516 1257 551 1317 in
571 1251 669 1334 aede,
698 1262 731 1315 et
753 1255 799 1316 ita
827 1261 905 1317 vota
932 1255 1147 1339 suscipientes
1170 1263 1384 1317 contueantur
1412 1256 1525 1319 eadem
1550 1267 1584 1320 et

432 1357 590 1419 orientem
606 1352 729 1416 caelum
750 1355 887 1440 ipsaque
908 1353 1082 1418 simulacra
1104 1355 1279 1419 videantur
1300 1358 1483 1421 exorientia
1505 1380 1580 1420 con-

433 1459 518 1521 tueri
551 1453 772 1542 supplicantes
806 1467 838 1518 et
867 1456 1097 1520 sacrifica-ntes.
1153 1459 1204 1520 sin
1233 1466 1340 1520 autem
1372 1458 1436 1522 loci
1463 1468 1616 1522 naturae
1655 1485 1661 1501 ·

434 1558 707 1645 interpellaverity
731 1567 809 1620 tunc
824 1558 1064 1621 convertendae
1080 1567 1155 1621 sunt
1177 1580 1286 1622 earum
1309 1561 1480 1644 regionum
1504 1583 1580 1624 con-

433 1663 637 1743 stitutiones,
665 1660 714 1722 uti
743 1681 839 1744 quam
863 1659 1003 1745 plurima
1025 1682 1100 1746 pars
1122 1663 1284 1724 moenium
1308 1684 1325 1724 e
1347 1660 1480 1748 templis
1504 1662 1580 1726 deo·

325 1765 330 1773 '
385 1769 415 1816 10
433 1787 504 1827 rum
533 1763 762 1848 conspiciatur.
814 1762 892 1823 item
919 1763 947 1824 si
975 1761 1154 1825 secundum
1182 1761 1315 1826 flumina
1346 1764 1445 1827 aedes
1470 1786 1580 1828 sacrae

433 1867 528 1947 fient,
551 1866 597 1927 ita
618 1865 667 1926 uti
688 1864 842 1948 Aegypto
865 1864 951 1925 circa
972 1860 1101 1945 Nilum,
1124 1863 1331 1928 adfluminis
1353 1867 1442 1950 ripas
1465 1865 1580 1929 viden-

433 1977 486 2030 tur
507 1976 655 2053 spectare
677 1964 807 2027 debere.
852 1962 1004 2028 similiter
1025 1965 1054 2027 si
1076 1967 1198 2028 circum
1220 1967 1291 2029 vias
1314 1965 1463 2052 publicas
1486 1976 1582 2031 erunt

433 2068 583 2133 aedificia
605 2066 756 2148 deorum,
786 2067 832 2129 ita
855 2067 1094 2130 constituantur
1115 2067 1165 2137 uti
1186 2076 1429 2155 praetereuntes
1452 2069 1581 2154 possint

432 2171 595 2257 respicere
617 2177 650 2231 et
672 2169 706 2229 in
728 2177 904 2253 conspectu
927 2165 1136 2232 salutationes
1158 2167 1275 2232 facere.
1342 2223 1345 2228 .

384 2277 421 2326 Vl
520 2271 686 2334 Ostiorum
713 2279 821 2331 autem
844 2279 876 2333 et
903 2291 1013 2332 eorum
1036 2278 1360 2356 antepagmentorum
1383 2271 1416 2333 in
1440 2271 1578 2338 aedibus
1598 2286 1611 2333 1

387 2382 416 2428 16
434 2374 494 2436 hae
522 2381 597 2435 sunt
624 2371 765 2434 rationes
792 2372 840 2434 uti
863 2373 1003 2457 primurn
1026 2372 1264 2438 constituantur
1285 2393 1348 2456 quo
1371 2394 1492 2456 genere
1513 2375 1581 2436 sint

433 2476 571 2537 futurae.
615 2465 734 2556 genera
755 2481 831 2535 sunt
851 2475 936 2536 enim
958 2473 1167 2560 thyromaton
1187 2473 1283 2556 haec,
1300 2472 1473 2565 doricum,
1496 2476 1579 2538 ioni-

433 2598 522 2657 cum,
545 2576 733 2658 atticurges.

517 2676 632 2739 Dorici
660 2679 869 2762 symmetriae
896 2678 1141 2764 conspiciuntur
1167 2675 1229 2741 his·
1245 2677 1426 2742 rationibus
1454 2679 1505 2742 uti
1526 2701 1579 2744 co-

365 2794 415 2866 „20
433 2801 513 2843 rona
528 2800 669 2860 summa,
694 2799 776 2863 quae
798 2801 896 2865 supra
917 2788 1204 2865 antepagmentum
1225 2779 1376 2865 superius
1398 2781 1579 2865 inponitur,

431 2902 535 2968 aeque
556 2879 674 2945 librata
701 2882 744 2946 sit
766 2880 918 2967 capitulis
941 2882 1075 2945 summis
1098 2878 1319 2944 columnarum
1341 2902 1425 2968 quae
1446 2883 1481 2945 in
1502 2904 1579 2968 pro·

431 2982 494 3050 nao
516 2984 648 3048 fuerint.
693 2981 802 3046 lumen
823 2994 930 3047 autem
952 2982 1093 3069 thyretri
1116 2984 1332 3047 constituatur
1354 2985 1402 3047 sic
1424 2985 1473 3047 uti
1495 3006 1579 3069 quae

432 3085 572 3177 altitudo
594 3085 685 3149 aedis
708 3107 728 3148 a
749 3086 937 3171 pavimento
959 3084 1002 3148 ad
1025 3084 1189 3148 lacunaria
1210 3084 1327 3167 fuerit,
1350 3083 1521 3148 dividatur
1543 3087 1577 3149 in

431 3189 540 3274 partes
556 3197 622 3250 tres
645 3189 743 3251 semis
767 3197 799 3250 et
822 3209 863 3249 ex
885 3188 932 3249 eis
955 3185 1038 3250 duae
1060 3187 1158 3249 semis
1181 3185 1296 3251 lumini
1318 3185 1489 3250 valvarum
1503 3185 1577 3249 alti-

502 3397 515 3442 1
541 3393 618 3443 aedis
647 3393 700 3443 GH
720 3391 767 3455 (1⁶3
798 3393 881 3443 aedes
904 3392 949 3458 L).
973 3389 985 3459 ΙΙ
1008 3396 1024 3443 2
1050 3392 1155 3443 incella
1181 3391 1219 3443 L:
1251 3392 1371 3443 incellae
1399 3392 1515 3459 (lucello
1544 3394 1576 3453 G)

435 3481 494 3531 GH.
508 3476 530 3543 ll
552 3481 567 3527 3
585 3479 627 3526 nti
645 3479 705 3542 qui:
723 3480 761 3527 sic
780 3479 838 3530 GH.
862 3475 874 3544 ΙΙ
896 3478 1073 3528 immolantes
1093 3478 1114 3527 G
1132 3474 1234 3542 (Lech):
1253 3477 1421 3532 immolantis
1438 3478 1471 3526 H
1486 3477 1541 3541 (lc).
1562 3476 1573 3542 Η

434 3567 450 3613 5
473 3563 569 3612 eadem
593 3562 620 3624 (ι’.
644 3579 667 3611 e.
690 3559 751 3627 aaa)
775 3563 807 3610 H
831 3560 915 3626 (Llolz
943 3551 1011 3613 aedd
1038 3563 1067 3611 0.
1097 3558 1109 3627 ΙΙ
1132 3564 1147 3611 7
1173 3569 1233 3625 post
1255 3561 1448 3611 sacrificantes
1471 3564 1577 3612 additur

432 3651 459 3699 tn
477 3649 551 3699 codd.
575 3643 603 3710 (t.
622 3663 644 3697 e.
662 3649 688 3695 in
706 3647 846 3711 archetypo
866 3647 930 3711 GH)
950 3646 1021 3709 quod
1044 3660 1108 3694 aras
1130 3661 1225 3695 ornnes
1243 3648 1355 3697 deorum
1377 3661 1494 3696 necesse
1513 3662 1574 3696 esse

433 3733 582 3783 videantur
611 3730 644 3779 ad
678 3731 811 3780 orientem
842 3736 970 3795 spectare
1001 3730 1097 3793 (quare
1193 3732 1304 3781 videtur
1385 3730 1479 3794 Man).
1510 3748 1575 3795 quoe

432 3817 511 3868 unda
533 3822 621 3879 utpote
639 3831 675 3864 ea:
691 3815 795 3864 mabrica
811 3817 838 3863 tn
853 3816 934 3878 ipsam
951 3823 1047 3864 textum
1063 3816 1220 3879 interpolata
1237 3832 1284 3881 epo
1301 3818 1372 3866 eieci.
1393 3812 1405 3881 ΙΙ
1428 3818 1444 3865 9
1462 3816 1574 3865 deorum

432 3904 487 3955 ed:
507 3916 600 3950 eorum
620 3899 679 3948 GH.
702 3896 715 3964 ll
739 3901 771 3948 10
789 3899 872 3948 aedes
890 3913 989 3948 sacrae
1008 3897 1075 3947 fient
1092 3899 1163 3951 Jou:
1189 3899 1248 3949 adia
1270 3915 1352 3950 sacra
1374 3900 1421 3949 fiet
1442 3907 1574 3950 anteros.

434 3985 533 4050 afflet
552 3985 607 4049 Gc),
626 3984 705 4034 aedis
723 3982 818 4044 (aedes
836 3981 897 4047 Ll2)
917 3997 999 4032 sacra
1017 3982 1066 4031 liet
1084 3984 1115 4032 H
1128 3982 1210 4048 (Llc).
1234 3979 1245 4050 Η
1273 3986 1304 4033 12
1323 3983 1398 4034 circa
1421 3992 1482 4035 uate
1503 4001 1573 4034 corr.

433 4069 532 4134 (carcia)
553 4073 583 4121 G.
606 4065 619 4135 ll
642 4069 674 4117 15
692 4072 756 4117 ante
769 4072 974 4132 pacmeutornm
994 4069 1023 4117 G.
1043 4063 1056 4133 ll
1077 4068 1109 4117 16
1122 4069 1335 4118 constituantur:
1353 4070 1392 4118 stc
1405 4068 1465 4119 GH.
1485 4064 1498 4135 ΙΙ
1521 4084 1574 4132 quo

434 4157 456 4205 G
473 4152 533 4219 (L):
554 4153 624 4217 quod
641 4152 674 4200 H
689 4149 744 4215 (lc).
767 4147 779 4215 ΙΙ
803 4154 833 4201 17
852 4151 1019 4200 thiromaton
1033 4152 1062 4205 G,
1080 4151 1273 4214 thyromathon
1289 4150 1320 4200 H
1337 4150 1418 4216 (Ide).
1439 4149 1451 4218 ΙΙ
1476 4155 1508 4203 18
1525 4156 1574 4202 At-

433 4239 554 4303 ticurges
572 4237 644 4289 Joc:
663 4236 817 4299 attigurgee
837 4235 891 4285 GH
906 4233 958 4297 (LI,
978 4236 1139 4299 adtigurges
1156 4235 1207 4299 cl).
1229 4232 1242 4301 ΙΙ
1272 4238 1303 4285 19
1321 4234 1418 4288 Dorici
1435 4252 1483 4300 eya
1506 4236 1574 4300 (Do-

432 4324 549 4373 ricorum
568 4319 664 4383 Mar.):
683 4320 776 4370 horum
797 4319 855 4368 GH.
878 4315 891 4383 ll
913 4320 946 4368 20
963 4319 1105 4381 inponitur
1123 4319 1158 4371 G:
1182 4317 1323 4384 inpendunt
1339 4321 1371 4368 H
1387 4321 1442 4381 (ct,
1460 4321 1574 4385 inpone-

433 4413 476 4456 tur
494 4407 546 4470 LI).
571 4403 584 4470 ll
611 4408 642 4455 21
662 4393 747 4469 proufo
767 4404 809 4456 0⁶.
833 4399 847 4469 ss
872 4405 905 4452 22
929 4399 1002 4465 (aut)
1024 4402 1142 4466 thyretri
1164 4419 1210 4469 epo
1235 4400 1408 4467 (hyperthyri
1430 4406 1472 4457 ed.
1498 4406 1575 4467 Vera,

432 4489 582 4556 hypothyri
599 4490 667 4552 doc„
685 4488 897 4555 hyperthyridos
916 4487 943 4539 0.
962 4487 1098 4537 Bdtttrlrer
1119 4487 1243 4537 Tektonilr
1260 4488 1277 4538 1
1281 4488 1313 4547 V,
1326 4489 1362 4536 93
1380 4494 1406 4536 et
1420 4488 1572 4540 Untersuclr.

433 4576 483 4636 aas
496 4576 544 4623 der
561 4573 702 4637 Akropolis
712 4591 741 4638 p.
760 4573 834 4632 155):
852 4571 963 4637 hypetri
981 4573 1010 4629 G,
1022 4570 1127 4637 hypdm
1141 4571 1174 4619 H
1184 4570 1262 4635 (ιιι),
1286 4568 1298 4637 ΙΙ
1317 4572 1351 4621 24
1363 4575 1421 4620 tres
1437 4573 1522 4621 semis
1534 4572 1572 4634 H,

432 4657 483 4710 111.
502 4658 585 4706 semis
603 4657 634 4708 G.
658 4653 671 4723 ll
692 4658 762 4707 duae
781 4657 864 4707 semis
882 4654 963 4720 (duae
977 4659 1072 4720 partes
1083 4656 1165 4705 semia
1182 4655 1255 4705 Rode
1267 4670 1322 4703 curn
1333 4654 1484 4719 Newtouol:
1502 4654 1573 4705 duae

435 4736 499 4813 (dus
517 4742 548 4803 G)
567 4744 660 4807 partes
679 4740 738 4791 GH.
759 4735 772 4809 ss
794 4737 892 4789 lumini
908 4739 980 4793 roa:
999 4738 1102 4817 lumine
1121 4738 1174 4789 GH
1191 4735 1232 4805 (tr,
1250 4738 1389 4791 lumineae
1405 4738 1452 4808 h).
1481 4754 1484 4762 ’
