3984 5825
670 717 718 763 on
741 716 1010 764 sucnirnoruuu
1033 719 1099 766 ms.
1123 719 1169 764 111.
1447 689 1488 768 83

342 875 392 934 ita
430 870 479 931 uti
513 876 626 931 contra
659 868 824 932 columnas
863 870 1008 954 singulas
1040 872 1180 957 primum
1207 872 1273 933 sint
1307 870 1487 955 designata,

346 981 455 1034 cetera
468 968 597 1054 aequali
619 968 716 1034 modo
738 970 897 1058 disposita
918 974 966 1035 uti
989 970 1119 1056 singula
1141 971 1278 1056 singulis
1301 971 1419 1035 mediis
1442 983 1487 1036 te-

345 1072 430 1156 gulis
453 1070 681 1157 respondeant.
731 1072 811 1136 haec
836 1084 946 1138 autem
968 1095 1052 1160 quae
1075 1083 1169 1138 erunt
1191 1082 1302 1137 contra
1325 1073 1489 1137 columnas

344 1173 568 1261 perterebrata
601 1175 666 1238 sint
697 1173 739 1236 ad
768 1173 912 1238 canalem
943 1176 1000 1261 qui
1028 1176 1153 1261 excipit
1181 1197 1198 1238 e
1225 1173 1344 1259 tegulis
1372 1197 1490 1261 aquam

346 1275 537 1357 caelestem,
570 1275 721 1338 mediana
747 1285 855 1340 autem
888 1279 955 1341 sint
983 1276 1109 1358 solida,
1137 1278 1185 1340 uti
1211 1298 1294 1363 quae
1321 1276 1411 1340 cadit
1438 1278 1524 1342 viso

345 1399 448 1463 aquae
463 1399 521 1463 per
543 1375 669 1461 tegulas
693 1377 727 1439 in
750 1377 894 1440 canalem
916 1401 957 1441 ne
981 1378 1141 1441 deiciatur
1162 1400 1220 1463 per
1241 1377 1491 1442 intercolumnia

344 1501 451 1564 neque
472 1484 673 1542 transeuntes
697 1478 884 1566 perfundat,
908 1479 966 1543 sed
989 1489 1168 1566 quaesunt
1191 1489 1302 1543 contra
1324 1478 1489 1543 columnas

346 1580 520 1644 videantur
542 1583 690 1645 emittere
711 1583 876 1645 vomentia
898 1592 1009 1645 ructus
1031 1603 1189 1666 aquarum
1212 1603 1254 1643 ex
1276 1603 1341 1645 ore.

430 1681 572 1746 Aedium
599 1683 779 1746 ionicarum
802 1705 899 1768 quam
920 1685 1124 1768 apertissime
1147 1684 1237 1768 potui
1261 1682 1490 1769 dispositiones

346 1783 406 1846 hoc
422 1782 586 1848 volumine
608 1785 739 1869 scripsi,
763 1778 944 1848 doricarum
967 1794 1076 1848 autem
1099 1793 1131 1846 et
1154 1783 1386 1846 corinthiarum
1409 1801 1542 1870 quaele

299 1944 309 1949 ..
345 1887 411 1947 sint
433 1885 659 1972 proportiones
682 1886 867 1969 insequenti
889 1884 973 1950 libro
996 1885 1179 1972 explicabo.

556 2225 576 2285 ,-
621 2193 834 2266 ursus
879 2190 1207 2284 Quassus.
1292 2275 1295 2278 ,

316 2393 326 2438 1
431 2376 512 2440 Cum
526 2377 842 2459 animadvertissem,
865 2378 1059 2464 imperator,
1082 2376 1191 2464 plures
1208 2377 1250 2438 de
1270 2376 1491 2440 architectura

346 2486 519 2562 praecepta
552 2477 782 2564 voluminaque
816 2481 1119 2544 commentariorum
1150 2500 1216 2541 non
1248 2477 1398 2541 ordinata
1431 2478 1490 2540 sed

348 2579 478 2663 incepta
504 2580 551 2641 uti
578 2578 753 2664 particulas
777 2580 976 2643 errabundas
1005 2579 1192 2665 reliquisse,
1216 2580 1348 2665 dignam
1372 2589 1404 2642 et
1425 2579 1488 2642 uti·
1508 2591 1541 2640 15

347 2677 503 2741 lissimam
529 2700 598 2742 rem
626 2682 739 2765 putavi
761 2690 871 2743 tantae
893 2680 1085 2767 disciplinae
1108 2703 1224 2767 corpus
1246 2680 1289 2743 ad
1310 2680 1490 2766 perfectam

345 2780 584 2845 ordinationem
606 2780 838 2866 perducereet
859 2785 1074 2868 praescriptas
1102 2783 1137 2844 in
1158 2782 1295 2865 singulis
1317 2779 1489 2844 volumini-

345 2885 405 2947 bus
435 2882 637 2967 singulorum
659 2904 813 2967 generum
838 2881 1010 2968 qualitates
1033 2880 1208 2967 explicare.
1252 2884 1379 2968 itaque,
1409 2882 1489 2946 Cae-

346 3008 413 3068 sar,
441 2985 546 3070 primo
574 2984 741 3048 volumine
762 2983 889 3048 tibixde
912 2984 1020 3049 officio
1042 2985 1111 3048 eius
1134 2994 1166 3047 et
1188 2983 1306 3068 quibus
1329 2983 1491 3046 eruditum

346 3109 416 3150 csse
442 3087 539 3150 rebus
561 3086 778 3149 architectum
800 3095 948 3172 oporteat
970 3086 1117 3171 exposui.
1161 3084 1303 3149 secundo
1326 3085 1368 3147 de
1390 3085 1491 3167 copiis
1510 3101 1543 3148 20

346 3190 510 3269 materiae,
534 3210 552 3250 e
575 3186 694 3273 quibus
716 3187 867 3261 aedificia
889 3175 1150 3268 constituuntur,
1174 3187 1351 3272 disputavi.
1395 3186 1491 3248 tertio

345 3300 453 3353 autern
484 3289 525 3352 de
552 3288 683 3352 aedium
706 3310 871 3352 sacrarum
893 3287 1163 3374 dispositionibus
1187 3296 1219 3350 et
1241 3287 1282 3349 de
1304 3307 1414 3349 earum
1435 3307 1490 3369 ge·
1531 3348 1536 3353 .
1636 3328 1644 3337 —

346 3414 457 3455 nerum
487 3391 647 3454 varietate
675 3412 819 3476 quasque
847 3399 879 3453 et
908 3399 987 3476 quot
1008 3389 1149 3452 habeant
1170 3389 1295 3474 species
1317 3409 1491 3472 earumque

312 3511 430 3577 aquae
452 3493 517 3555 sint
539 3494 574 3555 in
595 3490 735 3576 singulis
758 3492 932 3576 generibus
956 3490 1219 3572 distributiones,
1243 3488 1411 3553 extribus
1434 3510 1489 3572 ge-

346 3595 496 3672 neribus,
525 3616 607 3678 quae
630 3591 859 3657 subtilissimas
881 3592 1039 3656 haberent
1061 3592 1322 3678 proportionibus
1344 3589 1489 3654 modulo·
1508 3609 1541 3656 25

267 3724 275 3736 ·
347 3718 419 3758 rum
447 3696 659 3779 quantitates,
693 3695 793 3758 ionici
820 3696 948 3778 generis
975 3694 1120 3759 moribus
1149 3693 1255 3757 docui.
1309 3714 1396 3755 nunc
1429 3691 1490 3752 hoc

348 3795 512 3859 volumine
533 3795 574 3858 de
597 3794 701 3859 dorici
728 3795 945 3880 corinthiique
965 3795 1152 3859 constitutis
1179 3795 1360 3858 rationibus
1383 3793 1491 3854 dicam

349 3919 524 3983 eorumque
546 3896 736 3960 discrimina
758 3906 790 3961 et
812 3897 1026 3983 proprietates
1048 3896 1230 3983 explicabo.

415 4106 432 4154 4
449 4105 524 4170 pteri
542 4106 622 4181 brute
642 4104 664 4153 G
681 4102 740 4167 (sed
756 4107 820 4153 -ta
840 4102 894 4167 (iv).
917 4100 929 4169 ΙΙ
954 4102 1137 4169 iperfundat
1156 4101 1191 4151 G:
1210 4097 1310 4146 -dant
1329 4096 1357 4145 H
1375 4092 1455 4159 (Lie).
1476 4092 1488 4159 ll

350 4194 380 4240 10
399 4190 597 4240 chorintiarum
617 4191 644 4238 H
663 4186 706 4255 (L,
727 4187 968 4252 corinthiarum),
988 4186 1204 4237 chorinthiarum
1224 4179 1312 4244 Glle).

416 4309 538 4359 vitruvii
555 4309 627 4359 liber
649 4310 747 4358 tertius
770 4306 1012 4372 explicit.incipit
1034 4304 1105 4354 liber
1128 4286 1178 4365 (lib
1199 4299 1230 4364 G)
1245 4303 1358 4364 quartus
1370 4298 1493 4347 feliciter

349 4394 401 4442 GH
413 4394 458 4455 (L,
476 4396 594 4443 1111111111.
613 4392 736 4442 feliciter
753 4396 770 4450 l,
789 4408 836 4444 om.
855 4389 1005 4451 nominee).

418 4497 449 4545 15
467 4491 637 4545 errabundas
653 4494 723 4544 doc:
747 4490 915 4542 errabundos
935 4490 993 4540 GH.
1014 4484 1027 4551 ΙΙ
1055 4488 1086 4535 16
1109 4489 1204 4535 tantae
1223 4486 1382 4535 Pontedera:
1406 4489 1491 4535 antea

351 4595 409 4645 GH.
429 4578 587 4660 [122e⁸rum
602 4596 649 4647 Hc.
671 4591 684 4660 ΙΙ
706 4595 740 4643 at
758 4594 813 4644 sint
832 4593 916 4642 Rode:
947 4592 1012 4638 sunt
1036 4587 1094 4637 GH.
1120 4583 1132 4652 {l
1155 4586 1362 4637 distributiones
1386 4602 1418 4636 ex
1440 4586 1490 4636 tri·

349 4678 400 4729 bus
465 4680 515 4728 GH
525 4678 593 4743 (sic).
607 4676 620 4745 ΙΙ
635 4681 668 4728 27
682 4678 769 4728 dorici
786 4675 971 4737 corinthiique
982 4673 1140 4722 constitutis
1153 4671 1307 4722 rationibus
1316 4687 1375 4736 epo:
1388 4671 1492 4721 doricis

350 4764 549 4827 corinthiisque
567 4762 726 4813 constitutis
744 4761 769 4812 &
786 4759 913 4811 omnibus
932 4758 991 4810 GH.
1010 4753 1024 4825 ΙΙ
1045 4759 1079 4809 28
1096 4752 1272 4822 proprietatis
1289 4762 1349 4805 ante
1366 4772 1436 4807 corr.
1454 4755 1492 4806 H.

1242 4837 1287 4908 ,a
