3984 5825
495 599 536 663 86
603 650 607 656 .
985 610 1145 656 vrrsuvu

581 767 664 829 Item
693 773 805 850 postca
833 763 959 825 Dianae
986 763 1185 825 constituere
1211 764 1325 826 aedem
1348 771 1539 849 quaerentes
1562 763 1674 826 novit

484 853 625 952 -geneiis
647 865 773 952 specie,
806 864 912 928 isdem
942 865 1095 947 vestigiis
1122 864 1164 928 ad
1192 864 1384 928 muliebrem
1406 863 1643 928 transtulerrmt

494 966 727 1053 gracilitatem,
751 974 783 1028 et
797 966 946 1029 fecerunt
967 964 1108 1050 primum
1130 963 1299 1030 columnae
1322 965 1574 1031 crassitudinem
1597 965 1642 1029 al-

495 1069 647 1133 titudinis
663 1078 779 1131 octava
802 1077 911 1153 parte,
933 1076 970 1130 ut
991 1064 1128 1130 haberet
1151 1069 1294 1153 speciem
1317 1065 1540 1131 excelsiorem.
1571 1068 1644 1130 basi

461 1186 476 1234 5
495 1173 617 1259 spiram
632 1177 871 1256 supposuerunt
893 1189 952 1254 pro
974 1167 1099 1250 calceo,
1122 1168 1264 1257 capitulo
1287 1168 1415 1234 volutas
1438 1172 1487 1234 uti
1510 1168 1644 1257 capilla-

495 1281 605 1335 mento
621 1271 841 1356 concrispatos
857 1271 1025 1333 cincinnos
1040 1271 1297 1357 praependentes
1314 1271 1431 1336 dextra
1443 1281 1488 1333 'ac
1510 1272 1646 1335 sinistra

496 1373 748 1438 conlocaverrmt
770 1380 803 1434 et
825 1372 976 1458 cymatiis
1000 1381 1032 1434 et
1054 1372 1202 1458 encarpis
1225 1394 1285 1458 pro
1306 1373 1450 1437 crinibus
1474 1372 1645 1459 dispositis

496 1476 621 1539 frontes
649 1482 849 1538 ornavemmt
876 1482 1054 1559 trrmcoquc
1082 1482 1150 1538 toto
1178 1474 1275 1536 strias
1295 1473 1346 1538 uti
1368 1473 1524 1539 stolarum
1545 1495 1644 1558 rugas

496 1574 670 1641 matronali
695 1595 785 1638 more
812 1572 1023 1639 demiserunt.
1078 1575 1126 1639 ita
1157 1573 1285 1638 duobus
1318 1573 1562 1639 discriminibus
1592 1597 1644 1638 co-

447 1693 479 1741 10
497 1679 681 1742 lumnarum
695 1676 934 1758 inventionem,
957 1698 1057 1739 unam
1073 1675 1162 1740 virili
1184 1676 1255 1738 sine
1276 1684 1393 1741 ornatu
1413 1676 1502 1741 nuda
1522 1679 1645 1764 specie,

497 1778 632 1843 alteram
664 1775 817 1848 muliebri
850 1777 1032 1842 subtilitate
1065 1787 1097 1841 et
1131 1787 1248 1841 ornatu
1280 1780 1534 1864 symmetriaque
1568 1787 1646 1841 sunt

497 1882 647 1946 mutuati.
701 1881 824 1966 posteri
857 1901 936 1944 vero
975 1877 1138 1963 elegantia
1169 1877 1416 1965 subtilitateque
1448 1878 1681 1946 iudiciorum8

497 1983 664 2069 progressi
691 1991 723 2045 et
751 1980 979 2066 gracilioribus
1001 1979 1144 2045 modulis
1166 1979 1321 2047 delectati
1343 1990 1469 2067 septem
1491 1983 1645 2046 crassitu-

498 2085 585 2149 dinis
617 2083 794 2147 diametros
827 2085 863 2146 in
894 2081 1102 2147 altitudinem
1136 2080 1305 2146 columnae
1337 2081 1483 2164 doricae,
1517 2084 1648 2148 ionicae

449 2200 479 2248 15
497 2208 616 2252 novem
639 2185 886 2250 constituerunt.
935 2183 971 2247 id
991 2192 1101 2246 autem
1121 2204 1225 2267 genus
1232 2232 1242 2265 ,
1270 2183 1357 2269 quod
1379 2183 1474 2249 Iones
1497 2185 1648 2249 fecerunt

498 2290 620 2375 primo,
643 2287 792 2352 Ionicum
814 2295 863 2350 est
885 2287 1097 2350 nominatum.

583 2388 731 2454 Tertium
747 2410 839 2471 vero,
863 2387 949 2474 quod
965 2387 1170 2452 Corinthium
1190 2387 1326 2468 dicitur,
1350 2386 1522 2472 virginalis
1545 2387 1646 2453 habet

497 2491 694 2577 gracilitatis
722 2491 954 2569 imitationem,
982 2487 1069 2573 quod
1091 2488 1237 2572 virgines
1259 2497 1392 2576 propter
1412 2491 1531 2552 aetatis
1555 2497 1646 2553 tene-

497 2595 627 2658 ritatem
655 2590 885 2678 gracilioribus
913 2588 1067 2653 membris
1089 2589 1249 2673 figuratae
1270 2590 1403 2653 effectus
1425 2590 1589 2676 recipiunt
1612 2593 1648 2655 in

448 2707 481 2754 20
499 2705 615 2758 ornatu
642 2696 856 2760 venustiores
905 2694 974 2756 eius
1002 2701 1112 2754 autem
1139 2689 1274 2777 capituli
1300 2692 1407 2777 prima
1427 2692 1574 2755 inventio
1597 2695 1646 2756 sic
1665 2702 1689 2759 9'

499 2805 695 2859 memoratur
728 2817 800 2859 esse
831 2794 929 2858 facta.
972 2795 1068 2877 virgo
1102 2793 1185 2855 civis
1218 2791 1389 2856 Corinthia
1420 2793 1485 2856 iam
1517 2802 1646 2855 matura

498 2898 623 2983 nuptiis
639 2896 796 2984 inplicata
818 2895 931 2962 morbo
953 2895 1106 2994 decessit,
1150 2902 1224 2981 post
1246 2892 1445 2981 sepulturam
1468 2894 1547 2977 eius,
1570 2894 1644 2979 qui-

498 2999 560 3064 bus
590 3021 629 3062 ea
657 3000 751 3084 virgo
779 2999 858 3072 viva
884 2998 1065 3085 proclivius
1093 2996 1332 3077 delectabatur,
1368 2997 1482 3060 nutrix
1508 2993 1647 3060 collecta

500 3110 532 3164 et
547 3102 727 3186 composita
741 3101 775 3162 in
790 3098 917 3163 calatho
932 3099 1067 3186 pertulit
1080 3098 1124 3162 ad
1144 3106 1386 3162 monumentum
1408 3107 1441 3161 et
1462 3098 1497 3161 in
1519 3120 1647 3161 summo

448 3215 482 3263 25
500 3200 683 3264 conlocavit
710 3211 758 3280 et,
786 3202 836 3263 uti
863 3223 901 3263 ea
929 3209 1156 3284 permanerent
1184 3198 1306 3262 diutius
1335 3202 1397 3262 sub
1425 3199 1500 3280 diu,
1535 3198 1648 3283 tegula

499 3301 594 3362 texit.
639 3301 667 3361 is
683 3298 831 3362 calathus
847 3299 981 3364 fortuito
1004 3321 1102 3386 supra
1123 3298 1254 3363 acanthi
1275 3298 1419 3363 radicem
1440 3299 1549 3363 fuerat
1569 3322 1646 3364 con·

499 3398 635 3461 locatus.
685 3399 818 3461 interim
844 3399 988 3485 pondere
1014 3421 1129 3486 pressa
1154 3399 1252 3463 radix
1276 3400 1409 3465 acanthi
1435 3400 1545 3463 media
1566 3401 1648 3465 folia

500 3508 533 3560 et
548 3496 723 3561 cauliculos
739 3500 861 3563 circum
883 3521 1021 3563 vernum
1042 3510 1169 3586 tempus
1192 3500 1355 3586 profudit,
1378 3503 1474 3565 cuius
1493 3502 1647 3567 cauliculi

500 3596 680 3660 secundum
713 3597 834 3663 calathi
865 3600 967 3664 latera
999 3612 1182 3666 crescentes
1215 3612 1247 3666 et
1279 3601 1322 3665 ab
1353 3602 1482 3688 angulis
1516 3604 1647 3690 tegulae

449 3716 484 3765 30
500 3697 654 3785 ponderis
669 3702 864 3766 necessitate
878 3704 1027 3789 expressi
1048 3702 1190 3767 flexrrras
1211 3704 1247 3766 in
1269 3712 1432 3768 extremas
1455 3714 1565 3791 partes
1588 3728 1646 3771 vo·

569 3943 583 3989 l
601 3941 667 3992 novi
685 3940 796 4005 generis
813 3941 907 4005 specie
925 3958 985 4005 eoo:
1004 3957 1032 3996 n.
1045 3959 1071 4006 g.
1084 3944 1205 4007 speciem
1224 3943 1282 3993 GH.
1306 3938 1319 4008 ΙΙ
1341 3943 1528 3996 3altitudinis
1542 3947 1577 3999 G:
1597 3963 1645 4002 om.

501 4024 533 4072 H
553 4022 634 4089 (Llc).
656 4022 669 4089 ΙΙ
696 4026 713 4075 8
735 4026 818 4074 strias
842 4026 876 4075 6:
899 4026 995 4075 istrias
1012 4028 1044 4075 H
1064 4026 1111 4089 (tc,
1128 4027 1244 4076 histriae
1266 4027 1310 4088 L).
1334 4023 1347 4093 ΙΙ
1369 4043 1453 4092 rugus
1470 4031 1507 4079 H.
1527 4025 1540 4095 ΙΙ
1563 4033 1579 4080 9
1598 4031 1646 4081 de·

502 4109 633 4158 miserunt
652 4108 724 4173 (60):
743 4108 905 4160 dimiserunt
924 4111 981 4163 GH.
1006 4106 1018 4176 [l
1045 4112 1086 4159 ita
1104 4110 1176 4174 (ital
1193 4110 1225 4172 G)
1243 4110 1362 4160 duobus:
1379 4114 1418 4161 sic
1437 4113 1495 4164 GH.
1519 4110 1531 4179 ΙΙ
1555 4117 1588 4166 10
1604 4116 1646 4165 vi·

501 4190 562 4240 tilis
579 4191 726 4256 inornajtu
743 4201 802 4243 ante
819 4209 889 4243 corr.
909 4194 939 4243 G.
955 4190 968 4258 ΙΙ
983 4193 1058 4243 nuda
1076 4195 1171 4259 specie
1188 4210 1248 4259 290:
1266 4194 1368 4243 nudam
1386 4197 1509 4261 speciem
1526 4199 1560 4246 H
1576 4198 1646 4263 (sic),

501 4276 573 4324 nuda
590 4276 679 4340 spatie
698 4277 726 4326 G.
746 4273 760 4342 ΙΙ
783 4279 882 4327 11-12
899 4276 1056 4327 subtilitate
1144 4278 1288 4344 elegantia
1307 4280 1342 4328 G:
1365 4295 1414 4329 om.
1433 4281 1465 4327 H
1480 4278 1561 4345 (Ltc).
1578 4279 1591 4347 ΙΙ
1614 4286 1646 4333 14

503 4373 597 4442 dorice
614 4384 674 4427 ante
691 4393 760 4427 corr.
779 4366 821 4441 (ii)
838 4378 875 4425 H.
898 4373 911 4443 Η
935 4379 967 4428 15
984 4393 1072 4443 genus
1088 4381 1149 4429 add.
1169 4380 1238 4430 Plu.
1260 4375 1272 4444 Ι]
1296 4381 1328 4428 17
1345 4380 1500 4445 virginales
1519 4384 1554 4433 H.
1576 4380 1589 4449 11
1612 4387 1646 4435 23

503 4473 650 4535 proclivius
669 4494 729 4541 290:
751 4478 859 4543 poculis
878 4480 946 4533 GH„
960 4475 972 4543 ΙΙ
995 4481 1028 4529 24
1044 4467 1123 4543 sirmi
1138 4481 1181 4529 60.
1206 4477 1218 4547 ΙΙ
1239 4480 1273 4529 25
1284 4479 1400 4529 diuaute
1411 4498 1481 4536 corr.
1495 4482 1558 4531 GH:
1580 4484 1646 4533 diuo

505 4555 580 4604 G0H0
598 4557 678 4623 (Llc),
701 4558 713 4626 ΙΙ
733 4562 767 4609 26
784 4562 899 4612 fortuito
913 4563 978 4613 GH:
996 4570 1062 4612 -tu
1073 4563 1115 4612 H0
1127 4561 1207 4628 (Ltc).
1224 4560 1236 4627 ΙΙ
1253 4563 1367 4613 achanti
1380 4565 1433 4614 GH
1444 4563 1514 4631 (item
1525 4567 1612 4630 a27).
1629 4566 1643 4632 Η

504 4635 597 4688 fuerat
616 4642 651 4693 G:
670 4642 755 4692 tuerit
772 4646 805 4693 H
819 4643 898 4707 (Llc).
