3984 5825
667 652 714 700 nu
737 652 1006 702 sacnrracrunn
1028 652 1098 699 ma.
1120 652 1167 699 vr.
1428 635 1483 697 141

345 809 406 873 bus
429 807 620 872 formantur.
666 817 697 871 et
719 807 859 891 primum
881 827 983 890 genus
1012 805 1220 869 distribuitur
1246 805 1296 869 uti
1317 802 1487 888 longitudo

346 932 419 974 cum
447 911 481 973 in
509 907 791 995 quinque'partes
813 907 923 972 divisa
944 906 1061 988 fuerit,
1094 916 1160 970 tres
1188 915 1297 992 partes
1320 904 1488 969 latitudini

346 1011 481 1094 dentur,
509 1011 646 1074 alterum
675 1030 748 1073 oum
770 1010 805 1072 in
826 1019 891 1074 tres
920 1018 1039 1095 partes
1053 1005 1238 1090 dividatur„
1267 1006 1351 1071 duae
1379 1016 1488 1092 partes

345 1111 513 1176 latitudini
541 1110 746 1191 tribuantur,
779 1110 912 1174 tertium
934 1110 983 1174 uti
1005 1107 1143 1174 latitudo
1165 1110 1199 1171 in
1222 1110 1381 1195 quadrato
1403 1104 1488 1195 pari-

346 1213 407 1278 bus
430 1212 587 1277 lateribus
611 1210 816 1276 describatur
842 1213 941 1297 inque
969 1232 1006 1275 eo
1029 1209 1187 1297 quadrato
1210 1211 1381 1296 diagonios
1402 1208 1523 1272 lineas

321 1315 499 1396 dueatur,
535 1324 567 1378 et
594 1324 751 1401 quantum
778 1314 921 1400 spatium
948 1312 1101 1377 habuerit
1128 1333 1166 1374 ea
1193 1310 1279 1375 linea
1305 1312 1488 1395 diagonios,

312 1426 437 1480 rtanta
459 1414 629 1500 longitudo
652 1418 734 1480 atrio
758 1415 863 1479 detur.
907 1412 1046 1479 altitudo
1069 1435 1181 1477 eorum
1208 1423 1329 1499 quanta
1350 1411 1489 1476 latitudo

346 1516 445 1581 fuerit
474 1525 588 1602 quarta
616 1515 748 1604 dempta
770 1517 831 1581 sub
859 1515 968 1580 trabes
990 1513 1181 1596 extollatur,
1211 1513 1336 1599 reliquo
1358 1513 1489 1577 lacuna·

346 1620 469 1682 riorum
491 1627 523 1681 et
544 1639 638 1681 arcae
661 1641 759 1706 supra
779 1617 890 1682 trabes
913 1618 995 1681 ratio
1018 1616 1197 1681 habeatur?

432 1717 505 1783 Alis
529 1718 646 1783 dextra
667 1742 706 1783 ao
729 1720 862 1783 sinistra
883 1716 1037 1800 latitudo,
1061 1739 1135 1781 cum
1157 1718 1205 1782 sit·
1221 1719 1297 1781 atrii
1319 1717 1489 1802 longitudo
1509 1733 1540 1780 10

347 1819 389 1885 ab
418 1838 492 1884 xxx
520 1820 659 1907 pedibus
687 1821 730 1884 ad
758 1821 857 1908 pedes
880 1837 944 1902 xa,
985 1840 1027 1881 ex
1054 1820 1152 1882 tertia
1184 1829 1277 1906 parte
1310 1821 1379 1884 eius
1414 1841 1486 1882 oon·

348 1923 511 1986 stituatur.
556 1922 598 1986 ab
620 1939 666 1984 xa
689 1921 731 1985 ad
754 1922 854 2009 pedes
883 1939 904 1984 L
930 1920 1101 2005 longitudo
1129 1920 1298 1986 dividatur
1324 1922 1359 1984 in
1380 1930 1489 2008 partes

347 2035 412 2088 tros
440 2024 555 2107 semis,
593 2045 635 2086 ex
661 2022 713 2088 his
741 2046 806 2087 una
833 2045 909 2110 pars
943 2021 1005 2087 alis
1034 2020 1140 2086 detur.
1190 2044 1264 2086 oum
1291 2033 1400 2087 autem
1429 2023 1490 2085 erit

346 2125 515 2211 longitudo
537 2126 580 2189 ab
603 2126 840 2212 quinquaginta
861 2123 1002 2212 podibus
1018 2124 1061 2187 ad
1077 2125 1260 2208 sexaginta,
1284 2133 1399 2210 quarta
1413 2146 1489 2209 pars

346 2225 561 2312 longitudinis
588 2226 649 2291 alis
676 2227 851 2292 tribuatur.
907 2249 927 2289 a
948 2225 1164 2312 pedibushx
1189 2226 1232 2288 ad
1259 2242 1357 2287 Lxxx
1384 2223 1541 2308 longi-15

346 2328 426 2391 tudo
449 2327 618 2393 dividatur
638 2330 672 2392 in
695 2338 803 2414 partes
831 2337 985 2414 quattuor
1013 2337 1044 2391 et
1072 2326 1257 2407 dimidiam,
1287 2347 1330 2389 ex
1350 2324 1403 2390 his
1424 2348 1490 2389 una
1577 2313 1581 2320 ¹

348 2451 423 2513 pars
449 2428 507 2492 fiat
539 2429 663 2494 alarum
695 2428 844 2493 latitudo.
899 2450 918 2490 a
945 2427 1085 2513 pedibus
1119 2429 1285 2511 octoginta
1318 2426 1360 2490 ad
1388 2426 1489 2514 pedes

350 2539 478 2593 contum
500 2531 535 2593 in
557 2531 698 2615 quinque
718 2537 827 2615 partes
843 2527 951 2591 divisa
965 2526 1135 2612 longitudo
1149 2529 1269 2595 iustam
1284 2530 1491 2594 constituerit

350 2629 556 2695 latitudinem
570 2629 704 2693 alarum.
740 2628 849 2692 trabes
873 2651 983 2693 earum
1005 2629 1170 2692 liminares
1193 2631 1239 2695 ita
1260 2629 1346 2694 altae
1368 2652 1488 2716 ponan-

350 2743 404 2796 tur
426 2742 463 2795 ut
484 2730 673 2794 altitudines
697 2728 927 2795 latitudinibus
950 2732 1016 2820 sint
1037 2730 1198 2816 aequales.
1236 2802 1239 2814 ¹
1504 2729 1541 2795 ¹‘20

316 2857 331 2905 5
434 2831 589 2917 Tablino,
624 2833 652 2895 si
680 2830 820 2896 latitudo
848 2833 925 2896 atrii
952 2833 1014 2895 erit
1041 2832 1162 2918 pedum
1188 2834 1324 2917 viginti,
1358 2832 1491 2918 dempta

349 2936 447 2999 tertia
474 2935 545 2999 eius
574 2936 697 3022 spatio,
728 2933 890 3021 reliquum
917 2933 1091 2998 tribuatur.
1136 2936 1164 2998 si
1192 2936 1253 2997 erit
1279 2934 1321 2997 ab
1350 2933 1490 3019 pedibus

350 3055 423 3101 xxx
444 3036 487 3100 ad
508 3053 572 3119 xa,
602 3057 644 3101 ex
665 3036 741 3100 atrii
764 3035 940 3100 latitudine
966 3034 1091 3099 tablino
1117 3033 1291 3098 dimidium
1316 3034 1489 3099 tribuatur.

351 3162 424 3204 eum
456 3147 564 3203 autern
595 3138 637 3202 ab
674 3156 720 3201 xa
754 3138 797 3201 ad
829 3156 891 3221 Lx,
931 3135 1069 3201 latitudo
1108 3134 1277 3200 dividatur
1309 3137 1344 3200 in
1381 3146 1490 3223 partes
1560 3148 1562 3153 ’

418 3400 434 3448 ὃ
452 3396 644 3448 describantur
655 3404 714 3447 ante
725 3412 795 3447 corr.
810 3397 839 3447 G.
856 3394 868 3464 l)
883 3396 1029 3462 diagonios
1042 3395 1134 3447 Saba:
1146 3394 1292 3459 diagonios
1306 3394 1363 3445 GH.
1375 3389 1387 3461 ΙΙ
1405 3398 1420 3445 6
1433 3394 1491 3445 dia·

352 3482 448 3547 gonios
466 3481 555 3533 Saba:
574 3482 685 3548 diagoni
704 3483 732 3541 G,
752 3480 875 3546 diagonii
891 3482 920 3530 H
938 3479 1019 3545 (Lle).
1040 3475 1051 3546 l)
1076 3482 1090 3530 'l
1109 3479 1227 3529 latitudo
1244 3479 1329 3529 Mar-‚2
1348 3478 1492 3544 longitudo

354 3569 412 3618 GH.
434 3562 447 3634 Η
470 3567 486 3615 8
504 3567 610 3632 reliquo
627 3582 685 3633 ego:
709 3568 818 3632 reliquii
833 3562 839 3631 Ι
854 3567 894 3623 H,
916 3565 1052 3629 reliquum
1071 3565 1101 3617 G.
1125 3560 1137 3631 ΙΙ
1164 3566 1195 3615 10
1214 3563 1266 3614 alis
1288 3573 1348 3615 unte
1366 3582 1434 3615 corr.
1456 3567 1490 3616 G:

353 3653 415 3703 aliis
428 3654 457 3701 H
466 3652 524 3716 (aad
535 3650 605 3701 aleis
613 3651 655 3700 Hc
663 3657 688 3701 et
698 3652 740 3713 00,
751 3650 820 3700 alcis
833 3667 866 3701 ex
877 3651 983 3714 ancipiti
994 3650 1036 3698 Hc
1049 3656 1200 3700 correctura
1214 3651 1246 3713 L,
1257 3649 1338 3700 alieis
1347 3648 1391 3714 le).
1403 3645 1416 3716 l)
1429 3651 1491 3700 lati-

352 3738 416 3788 tmio
434 3738 503 3788 loa:
522 3734 677 3785 latitudinis
697 3736 755 3789 GH.
778 3733 791 3804 l)
814 3738 844 3785 ll
865 3737 896 3786 ab
915 3735 992 3784 XXX
1013 3734 1046 3783 G:
1071 3735 1106 3784 ad
1125 3734 1201 3784 XXX
1219 3736 1248 3784 H
1271 3733 1299 3798 (a
1317 3735 1394 3785 XXX
1412 3735 1455 3795 LI,
1475 3750 1491 3783 a

352 3824 467 3887 triginta
485 3820 534 3883 rb).
553 3817 565 3887 l)
579 3821 661 3869 testia
678 3828 737 3870 ante
754 3838 822 3873 corr.
842 3821 871 3871 G.
892 3816 904 3886 l)
930 3822 961 3870 12
979 3821 1015 3870 ab
1034 3820 1082 3870 XL
1101 3821 1132 3869 H
1148 3818 1231 3883 (Llc):
1251 3821 1286 3869 ab
1306 3818 1491 3891 quadraginta
1526 3874 1531 3882 ἡ

355 3907 384 3956 G.
408 3902 421 3973 l)
443 3905 478 3954 ad
496 3904 580 3969 pedes
597 3904 621 3952 L
638 3906 667 3953 H
685 3902 767 3969 (Llc):
786 3906 820 3956 ad
835 3904 840 3970 Ι
854 3907 878 3955 L
898 3906 929 3962 G.
952 3901 963 3971 ΙΙ
989 3907 1020 3956 13
1038 3909 1096 3955 tres
1113 3906 1196 3955 semis
1215 3902 1265 3967 (vel
1281 3903 1299 3951 S
1318 3919 1372 3967 ego,
1390 3910 1447 3952 trea
1465 3910 1492 3951 et

353 3991 494 4039 dimidiam
513 3991 554 4039 ed.
577 3986 667 4052 Van.):
687 3994 743 4039 tres
763 3990 820 4043 GH.
834 3986 846 4058 l)
865 3990 918 4040 alis
931 3990 965 4040 G:
985 3990 1049 4040 aliis
1068 3992 1095 4039 H
1114 3988 1197 4053 (aleis
1216 3990 1255 4037 Hc
1271 3996 1299 4036 nt
1315 4004 1403 4050 srepra,
1423 3986 1492 4035 aleis
1558 4037 1567 4054 ⁸

353 4078 385 4133 L,
404 4074 485 4124 aliois
503 4072 547 4138 Ie),
566 4075 614 4123 aed
629 4090 690 4124 nzox
707 4091 728 4125 υ.
742 4077 774 4123 15
793 4074 845 4123 alis
864 4091 958 4127 onrnea.
973 4072 985 4141 l)
1003 4078 1036 4124 14
1054 4076 1089 4123 ab
1108 4071 1178 4139 (qu.)
1199 4074 1249 4123 GH
1267 4072 1296 4134 (a
1314 4072 1361 4132 Le,
1380 4070 1414 4119 ad
1432 4079 1492 4119 arare

354 4210 422 4245 corr.
441 4193 469 4257 l).
491 4188 503 4259 l)
528 4197 626 4257 quarta
647 4193 667 4243 G
691 4190 747 4256 (Ic):
766 4191 832 4242 1111·
850 4192 918 4257 (post
936 4194 1083 4258 sexaginta
1100 4208 1181 4257 supra
1198 4193 1260 4254 aar.)
1280 4191 1312 4239 H
1327 4161 1395 4252 (Illi
1415 4188 1456 4253 L).
1474 4186 1489 4253 ΙΙ

355 4281 386 4329 15
405 4276 440 4340 (et
460 4278 502 4340 17)
527 4293 544 4327 a
561 4277 692 4343 pedibus:
712 4278 749 4325 ric
769 4276 826 4326 GH.
850 4273 861 4343 l)
891 4278 921 4326 16
940 4277 1083 4327 dimidiam
1103 4277 1137 4326 G:
1166 4276 1280 4325 dimidia
1302 4274 1367 4337 (sine
1384 4274 1440 4337 lin.)
1464 4274 1491 4321 H

354 4359 433 4425 (hic).
450 4359 462 4429 l)
479 4363 509 4412 17
529 4364 672 4428 octoginta
757 4365 864 4411 centum
883 4363 911 4411 H
929 4360 997 4425 (Ll):
1016 4361 1118 4411 LXXX
1226 4359 1257 4411 C.
1277 4359 1306 4410 G.
1325 4355 1338 4424 ΙΙ
1363 4360 1394 4408 18
1413 4357 1491 4422 quiu-

355 4462 405 4510 que
424 4448 452 4495 H
465 4443 549 4511 (Ηώς
568 4448 601 4498 V.
621 4448 650 4497 G.
668 4443 681 4513 Η
696 4444 729 4496 20
742 4446 901 4497 altitudines
913 4449 953 4496 ed.
968 4444 1056 4509 (rec.):
1077 4444 1223 4494 altitudine
1239 4444 1296 4493 GH.
1314 4439 1325 4508 ΙΙ
1340 4445 1370 4491 21
1383 4441 1491 4492 tablirro

355 4531 454 4580 Morbi
473 4531 608 4582 tablinum
626 4529 709 4595 (—ni1
728 4532 760 4595 G)
781 4532 839 4582 GH.
861 4527 873 4597 Η
899 4531 963 4580 atrii
985 4531 1041 4580 ed:
1066 4529 1166 4577 atrium
1186 4527 1249 4591 (-i1
1269 4528 1300 4592 G)
1325 4527 1384 4576 GH.
1411 4522 1423 4591 Η
1452 4526 1491 4575 vi·

355 4616 426 4678 ginti
443 4617 470 4664 H
490 4613 548 4680 (L):
577 4618 635 4666 XX.
655 4617 676 4666 G
695 4615 736 4681 (l),
757 4613 770 4681 {l
793 4618 826 4666 22
846 4615 880 4665 ab
902 4615 934 4663 G:
963 4614 997 4662 ad
1015 4613 1046 4662 H
1062 4614 1091 4674 (a
1109 4614 1155 4678 Li,
1177 4630 1225 4664 om.
1244 4614 1274 4662 eb
1292 4628 1345 4661 curu
1366 4612 1449 4662 verbis·
1468 4612 1492 4663 si

355 4701 616 4766 erit—tribuatur).
640 4698 653 4769 l)
673 4704 706 4753 23
724 4701 884 4778 latitudine:
903 4700 940 4749 sic
959 4698 1018 4750 GH.
