3984 5825
596 670 643 717 ns
667 668 828 719 nivansrs
852 670 1012 719 mamers
1035 661 1371 718 sncrrrrncrourcsn.
1493 640 1556 718 289

408 823 558 910 plerique
588 824 760 888 duodecim
788 834 904 888 ventos
933 846 1004 888 esse
1030 824 1240 906 adseverant,
1275 832 1310 886 ut
1337 832 1386 887 est
1413 825 1447 886 in
1474 824 1555 887 urbe

408 926 514 989 Roma
529 925 646 989 Triton
667 947 787 989 aeneus
810 948 883 990 cum
906 925 1043 989 totidem
1058 925 1244 990 thoracibus
1260 937 1432 988 ventorum
1447 924 1553 989 factus

409 1026 452 1089 ad
481 1024 596 1112 templi
617 1027 799 1089 Andronici
823 1026 997 1114 Cyrrestae
1026 1026 1282 1091 similitudinem.
1333 1048 1430 1111 supra
1457 1037 1554 1112 caput

409 1130 503 1191 venti
531 1129 660 1211 virgam
689 1136 803 1190 tenens
832 1127 970 1191 eundem
1000 1149 1071 1191 esse
1092 1127 1226 1191 flantem
1247 1127 1400 1191 ostendit.
1444 1128 1553 1192 obscr-

376 1228 508 1292 suabis
538 1251 614 1313 ergo
638 1250 678 1291 ne
701 1230 815 1293 ianuas
837 1238 894 1292 aut
916 1229 1075 1292 fenestras
1099 1239 1210 1293 contra
1231 1230 1366 1293 nocivos
1388 1228 1484 1293 flatus
1507 1229 1553 1292 fa·

411 1332 488 1394 cias
532 1331 643 1393 nocivi
672 1331 759 1393 enim
787 1340 863 1394 sunt
891 1330 986 1394 flatus
1010 1331 1067 1394 ubi
1089 1340 1145 1394 aut
1166 1331 1264 1395 nimis
1287 1330 1477 1394 incumbunt
1499 1343 1555 1395 aut

410 1432 568 1494 acerrima
590 1430 714 1515 frigora
736 1431 875 1513 faciunt,
898 1441 935 1495 ut
957 1440 989 1494 ct
1013 1432 1159 1496 homines
1182 1441 1214 1495 et
1236 1431 1390 1495 animalia
1412 1431 1552 1496 laedant.

412 1533 582 1617 frigorosis
610 1555 687 1616 ergo
714 1532 902 1616 regionibus
924 1554 944 1594 a
965 1533 1104 1596 meridie
1130 1543 1187 1597 aut
1214 1533 1256 1597 ab
1279 1555 1396 1598 occasu
1417 1533 1554 1599 hiberno

412 1637 523 1698 ianuas
548 1643 579 1697 et
601 1633 762 1697 fenestras
785 1633 903 1715 facies,
926 1635 1087 1698 aestuosis
1112 1657 1188 1698 vero
1209 1657 1229 1698 a
1251 1635 1349 1699 borea
1372 1645 1404 1699 ct
1426 1646 1553 1721 septen-

371 1747 396 1796 10
412 1737 517 1799 trione
540 1735 611 1798 fieri
632 1735 810 1799 ordinabis.

496 1835 660 1916 Quoniam
688 1837 800 1900 usibus
829 1837 971 1899 omnium
993 1838 1135 1900 maxime
1157 1837 1358 1900 necessariae
1379 1859 1483 1924 aquae
1505 1839 1553 1902 vi·
1587 1851 1623 1893 111·
1638 1851 1667 1913 Dr·

412 1938 540 2020 dentur,
552 1939 656 2024 primo
673 1959 755 2023 quae
776 1958 897 2021 genera
911 1947 1018 2002 terrae
1033 1948 1147 2002 tenues
1162 1948 1218 2002 aut
1231 1938 1436 2004 abundantes
1453 1962 1552 2004 venas
1579 1917 1691 1995 iilliblis

413 2041 578 2121 emittant,
608 2041 726 2125 quibus
758 2039 855 2101 ctiam
883 2039 986 2122 signis
1014 2038 1111 2103 altius
1135 2039 1309 2125 depressae
1332 2042 1552 2123 inveniantur,
1568 2040 1696 2141 ,}}{,¹,¹,'j,}³„¹„

412 2138 571 2225 quomodo
595 2161 638 2202 ex
660 2138 806 2202 fontibus
832 2139 884 2202 vel
907 2140 1015 2225 puteis
1038 2141 1196 2205 ducantur
1203 2188 1212 2222 ,
1236 2162 1319 2226 quae
1341 2144 1475 2225 nocivos
1498 2153 1554 2206 aut

372 2251 397 2301 rs
413 2240 558 2304 salubres
582 2240 724 2304 habeant
747 2240 899 2326 liquores,
923 2242 1069 2306 studiose
1087 2244 1170 2307 scire
1185 2252 1322 2330 oportet.
1358 2265 1462 2330 aquae
1477 2266 1554 2329 ergo

412 2341 565 2407 fontanae
587 2352 644 2404 aut
665 2353 781 2427 sponte
803 2342 968 2428 profluunt
989 2353 1045 2407 aut
1068 2366 1164 2431 saepe
1186 2344 1227 2407 de
1249 2346 1356 2431 puteis
1377 2344 1554 2409 abundant.

412 2444 530 2530 quibus
565 2441 647 2506 tales
675 2444 786 2529 copiae
815 2465 880 2505 non
909 2454 1019 2527 erunt,
1055 2447 1156 2530 signis
1184 2445 1271 2508 infra
1299 2447 1430 2533 scriptis
1458 2468 1553 2533 quae-

411 2545 514 2608 renda
543 2554 619 2608 sunt
648 2543 708 2607 sub
737 2554 824 2607 terra
852 2545 960 2630 capita
987 2567 1144 2631 aquarum
1173 2556 1204 2610 et
1232 2548 1383 2633 proxima
1409 2547 1554 2612 fontibus

410 2644 527 2710 altiora
554 2645 662 2731 puteis
692 2643 885 2729 colligenda.
929 2655 1005 2709 ante
1035 2645 1112 2711 solis
1140 2649 1250 2732 itaque
1279 2658 1385 2713 ortum
1401 2650 1448 2731 ,in
1474 2648 1554 2714 locis

363 2755 395 2809 20
412 2747 530 2832 quibus
565 2767 650 2831 aqua
682 2748 847 2831 quaeritur
878 2745 1059 2833 aequaliter
1088 2749 1123 2810 in
1149 2758 1237 2810 terra
1264 2749 1494 2832 procumbatur
1523 2761 1555 2813 et

410 2858 520 2913 mento
543 2848 691 2934 deposito
713 2871 772 2937 per
794 2870 831 2910 ea
853 2849 1081 2936 prospiciatur.
1119 2870 1197 2911 mox
1219 2847 1347 2913 videbis
1370 2850 1405 2913 in
1420 2849 1553 2936 quibus-

411 2971 550 3036 cumque
578 2948 658 3013 locis
685 2971 770 3035 aqua
798 2948 897 3013 lateat
924 2971 1052 3015 umores
1075 2951 1109 3013 in
1131 2972 1207 3013 aera
1228 2972 1326 3037 supra
1348 2959 1468 3014 terram
1490 2954 1552 3014 cri-

410 3062 543 3137 spantes
567 3059 598 3113 et
621 3051 655 3112 in
677 3049 809 3114 modum
831 3051 938 3115 tenuis
961 3049 1101 3115 nebulae
1123 3074 1228 3117 rorem
1243 3061 1442 3138 spargentes,
1465 3051 1553 3137 quod

411 3155 445 3217 in
468 3153 565 3217 siccis
593 3162 625 3215 et
647 3152 748 3215 aridis
779 3151 858 3216 locis
881 3153 952 3216 fieri
973 3174 1039 3216 non
1060 3162 1179 3238 potest.
1223 3152 1454 3238 quaerentibus
1477 3174 1553 3237 ergo

363 3267 394 3318 25
410 3271 537 3341 aquam
565 3251 741 3337 diligenter·
778 3254 841 3317 erit
878 3253 1150 3318 considerandum
1186 3253 1298 3339 quales
1334 3263 1440 3317 terrae
1476 3256 1552 3318 sint.

411 3365 501 3419 certa
530 3356 615 3417 enim
643 3376 764 3437 genera
792 3365 867 3419 sunt
894 3356 929 3418 in
951 3355 1070 3440 quibus
1097 3364 1153 3418 aut
1175 3353 1345 3418 abundans
1367 3364 1423 3419 aut
1445 3357 1552 3419 tenuis

410 3479 496 3543 aqua
522 3465 685 3519 nascatur.
730 3457 764 3519 in
787 3465 876 3519 creta
904 3458 1011 3521 tenuis
1037 3464 1068 3518 et
1091 3454 1187 3519 exilis
1209 3477 1269 3519 nec
1291 3458 1406 3541 optimi
1428 3458 1553 3543 saporis

411 3558 588 3638 invenitur,
612 3558 647 3620 in
661 3556 818 3621 sabulone
833 3557 938 3621 soluto
957 3558 1077 3639 tenuis,
1100 3555 1215 3623 limosa
1238 3566 1270 3621 et
1290 3558 1437 3624 insuavis
1460 3557 1552 3624 altio·

411 3659 502 3724 ribus
525 3657 606 3722 locis
628 3679 744 3722 mersa.
774 3659 911 3721 interra
932 3660 1027 3743 nigra
1043 3656 1201 3723 stillarum
1216 3646 1344 3724 umores
1367 3658 1469 3724 exiles
1486 3681 1552 3723 ma-

364 3775 395 3823 30
411 3763 463 3846 gis
486 3782 529 3823 ex
551 3759 696 3823 hibernis
725 3758 905 3844 liquoribus
935 3758 1062 3824 collecti
1090 3762 1217 3845 saporis
1245 3763 1361 3847 optimi
1383 3763 1497 3846 spissis
1521 3768 1553 3822 et

412 3861 526 3927 solidis
550 3859 630 3923 locis
653 3859 872 3924 subsidentes
909 3859 1040 3944 glareae
1062 3882 1139 3924 vero
1161 3860 1341 3925 mediocres
1358 3869 1389 3923 et
1411 3862 1550 3922 incertas

480 4037 495 4083 l
513 4032 658 4082 duodecim
670 4048 712 4096 op:
732 4033 785 4083 XII
796 4069 802 4081 .
811 4049 838 4097 p.
859 4028 870 4097 ΙΙ
893 4035 909 4083 3
928 4032 1090 4096 templi...
1108 4031 1314 4081 similitudinem
1332 4032 1401 4081 Por:
1420 4028 1550 4093 templum

481 4116 632 4167 similitudo
649 4132 706 4180 opp.
730 4112 742 4181 ΙΙ
769 4116 902 4181 androgei
922 4117 1081 4179 cyrenensis
1100 4132 1156 4181 opp.
1180 4111 1192 4179 ΙΙ
1219 4116 1324 4164 6enim
1343 4120 1406 4164 sunt
1422 4130 1470 4178 pp:
1489 4119 1552 4162 sunt
1584 4105 1589 4112 ’

416 4203 486 4252 enim
504 4219 527 4251 v.
545 4197 556 4267 ΙΙ
574 4202 589 4250 9
607 4201 812 4250 aestuosior-sic
828 4216 886 4264 opp.
910 4196 922 4265 ΙΙ
946 4202 975 4249 11
996 4200 1124 4265 quoniam
1143 4194 1217 4262 (qr‘rm
1234 4215 1257 4256 a,
1277 4198 1336 4259 Quo
1352 4198 1393 4263 pl:
1413 4199 1473 4260 Quo
1492 4197 1552 4262 (pro

413 4285 484 4353 Quo)
501 4304 529 4350 p.
547 4282 559 4351 ΙΙ
576 4287 607 4333 14
625 4285 747 4334 fontibus
760 4283 804 4334 vel
820 4285 912 4348 puteis
922 4300 966 4349 vp:
985 4284 1075 4348 puteis
1088 4281 1133 4333 vel
1150 4282 1272 4331 fontibus
1283 4298 1308 4347 y.
1325 4279 1336 4348 ll
1353 4283 1385 4331 16
1402 4281 1550 4346 profluunt:

412 4374 449 4421 sic
465 4387 523 4435 opp.
551 4366 565 4435 [l
592 4372 622 4418 17
649 4368 747 4433 quibus
769 4368 842 4417 tales
864 4385 924 4434 epo:
956 4369 1032 4416 cuius
1056 4367 1127 4416 tales
1147 4382 1172 4430 9,
1196 4369 1273 4416 cuius
1292 4366 1316 4416 si
1333 4366 1406 4416 tales
1423 4383 1455 4428 op
1475 4363 1551 4426 (talis

411 4457 459 4520 o0).
483 4452 495 4522 Η
520 4455 616 4519 copiae
633 4469 662 4516 9:
683 4452 815 4515 copiavp.
838 4449 850 4518 Η
875 4449 904 4501 ef
919 4469 947 4516 p.
964 4449 976 4517 ΙΙ
993 4451 1161 4514 quaerenda:
1180 4454 1217 4499 stc
1234 4467 1291 4514 vpy.
1307 4446 1319 4515 ll
1339 4452 1372 4499 20
1390 4450 1488 4513 quibus
1505 4465 1550 4513 ap:

412 4542 440 4590 in
459 4540 558 4603 quibus
574 4554 599 4602 9.
616 4534 627 4603 ll
642 4540 674 4585 ⁶3⁶2
692 4535 781 4584 lateat
797 4552 827 4599 p:
850 4536 957 4586 latebat
974 4553 1016 4599 ap.
1037 4531 1050 4601 l}
1071 4551 1119 4600 era
1136 4553 1150 4584 υ
1169 4532 1247 4597 (aera
1264 4534 1315 4599 v⁶):
1336 4549 1400 4583 sere
1416 4550 1459 4598 pp.
1483 4529 1496 4599 11
1518 4535 1551 4582 27

413 4630 436 4675 δι
454 4640 483 4689 9:
509 4621 545 4673 s&
562 4641 588 4686 p,
607 4620 680 4671 sed&
696 4638 719 4673 o.
736 4618 748 4686 ΙΙ
764 4623 796 4670 28
814 4621 947 4671 sabulone
966 4617 1015 4683 (sic
1026 4636 1086 4669 mon
1097 4636 1119 4668 v.
1134 4621 1148 4667 1
1159 4636 1186 4683 p.
1195 4618 1259 4683 sq.):
1279 4618 1460 4682 sablonevpy.
1484 4614 1496 4683 ΙΙ
1518 4619 1548 4667 31

413 4707 589 4758 subsidentes
607 4723 634 4754 o:
653 4706 835 4755 subsistentes
850 4722 893 4769 pq.
952 4731 956 4738 ·

447 4806 562 4844 vrrsuV.
580 4805 615 4839 ns
634 4804 747 4839 sucum.
1312 4783 1351 4845 19
