3984 5825
588 683 647 748 158
1076 699 1234 747 vrrnuvu

583 855 680 937 genio
702 875 737 916 se
752 852 956 939 profiteretur
978 875 1043 917 non
1066 853 1163 918 modo
1186 874 1287 916 unum
1309 850 1367 916 sed
1391 851 1489 914 etiam
1509 847 1623 935 plures
1648 846 1733 910 alere

582 976 688 1041 posse.
733 954 821 1018 etad
838 977 995 1018 summam
1017 978 1103 1019 mors
1128 955 1197 1018 cius
1219 963 1256 1019 ut
1278 951 1447 1040 parricidii
1469 950 1618 1014 damnati
1642 950 1732 1012 varie

582 1067 787 1120 memoratur.
824 1054 881 1119 alii
905 1058 990 1118 enim
1013 1058 1214 1142 scripserunt
1235 1078 1255 1118 a
1270 1053 1483 1140 Philadelpho
1508 1075 1581 1116 esse
1602 1053 1637 1116 in
1661 1073 1730 1115 cru-

583 1179 653 1221 cem
668 1158 779 1240 fixum,
802 1156 949 1221 nonnulli
965 1157 1041 1221 Chii
1058 1159 1087 1221 ei
1103 1157 1230 1245 lapides
1254 1178 1324 1220 esse
1347 1157 1521 1237 coniectos,
1544 1152 1603 1217 alii
1619 1153 1730 1239 Smyr·

549 1277 643 1324 onae
664 1259 778 1322 vivum
799 1259 835 1322 in
857 1280 972 1345 pyram
995 1262 1188 1324 coniectum.
1219 1281 1355 1344 quorum
1376 1265 1485 1321 utrum
1509 1256 1539 1319 ci
1561 1252 1729 1336 acciderit,

582 1361 719 1423 merenti
740 1358 841 1444 digna
862 1362 1010 1424 constitit
1032 1383 1145 1447 poena.
1190 1361 1363 1425 nonenim
1385 1357 1480 1422 aliter
1501 1356 1636 1422 videtur
1659 1377 1730 1442 pro-

583 1462 697 1525 mereri
721 1464 776 1547 qui
799 1463 878 1525 citat
901 1483 955 1525 eos
979 1483 1115 1548 quorum
1137 1483 1341 1548 responsum,
1364 1460 1444 1547 quid
1465 1460 1629 1523 senserint
1652 1459 1729 1521 scri-

582 1563 706 1645 bentes,
729 1585 794 1626 non
817 1572 924 1649 potest
947 1585 1054 1627 coram
1077 1562 1227 1626 indicari.
1272 1584 1332 1648 ego
1355 1583 1443 1644 vero,
1468 1559 1601 1642 Caesar,
1625 1580 1731 1645 neque
1750 1579 1759 1624 1

583 1662 697 1728 alienis
725 1664 891 1729 indicibus
920 1666 1053 1728 mutatis
1082 1665 1274 1750 interposito
1296 1664 1427 1728 nomine
1448 1684 1519 1727 meo
1542 1660 1579 1726 id
1599 1660 1732 1748 profero

534 1785 564 1831 10
582 1787 698 1852 corpus
731 1787 836 1853 neque
863 1766 961 1831 ullius
990 1767 1134 1850 cogitata
1164 1768 1353 1854 vituperans
1383 1764 1512 1829 institui
1539 1784 1583 1826 ex
1612 1785 1653 1826 eo
1682 1784 1732 1826 me

583 1867 788 1953 adprobare,
822 1867 880 1931 sed
914 1867 1066 1931 omnibus
1099 1868 1312 1955 scriptoribus
1341 1866 1486 1930 infinitas
1514 1886 1578 1950 ago
1605 1866 1732 1949 gratias

584 1969 671 2053 quod
702 1971 842 2053 egregiis
871 1970 1076 2054 ingeniorum
1104 1968 1258 2034 sollertiis
1288 1991 1329 2032 ex
1357 1972 1438 2033 aevo
1466 1962 1605 2034 conlatis
1623 1964 1733 2035 abun-

582 2069 697 2133 dantes
712 2068 796 2133 alius
818 2069 881 2134 alio
904 2093 1023 2154 genere
1046 2073 1155 2158 copias
1179 2080 1471 2159 praeparaverrmt,
1494 2066 1584 2134 unde
1605 2088 1668 2132 nos
1685 2068 1734 2131 uti

581 2170 726 2234 fontibus
747 2170 934 2236 haurientes
956 2195 1073 2258 aquam
1096 2182 1128 2236 et
1150 2171 1193 2235 ad
1214 2171 1346 2261 propria
1367 2171 1534 2258 proposita
1555 2167 1732 2233 traducen-

534 2292 564 2339 15
582 2282 631 2335 tes
659 2271 865 2338 facundiores
894 2284 926 2337 et
954 2274 1175 2359 expeditiores
1198 2275 1353 2339 habemus
1381 2272 1425 2336 ad
1447 2271 1663 2336 scribendum
1685 2270 1733 2334 fa-

582 2373 719 2437 cultates
735 2373 920 2462 talibusque
939 2374 1139 2440 confidentes
1159 2376 1347 2441 auctoribus
1369 2374 1525 2438 audemus
1548 2372 1732 2438 institutio-

581 2497 638 2538 nes
661 2498 763 2540 novas
785 2498 982 2564 comparare.

665 2577 772 2662 Igitur
798 2577 879 2642 tales
906 2581 1073 2664 ingressus
1101 2602 1211 2645 eorum
1239 2581 1316 2665 quia
1342 2578 1385 2642 ad
1407 2578 1568 2665 propositi
1590 2577 1659 2639 mei
1681 2599 1731 2639 ra·
1753 2602 1763 2644 1

581 2680 684 2743 tiones
698 2678 916 2745 animadverti
931 2691 1151 2768 praeparatos,
1175 2680 1252 2744 inde
1267 2679 1423 2745 sumendo
1445 2680 1601 2766 progredi
1623 2680 1732 2765 coepi.

531 2800 564 2847 ‘20
581 2803 720 2867 namque
741 2784 881 2869 primum
901 2782 1127 2868 Agatharchus
1150 2782 1289 2846 Athenis
1311 2767 1475 2868 Aeschylo
1499 2779 1641 2846 docente
1666 2790 1732 2844 tra-

581 2882 731 2968 goediam
754 2907 904 2950 scaenam
926 2885 1005 2950 fecit
1028 2885 1124 2949 etde
1147 2907 1184 2949 ea
1206 2886 1473 2950 commentarium
1496 2881 1642 2971 reliquit.
1689 2903 1733 2946 ex

582 3008 619 3049 eo
648 2988 764 3050 moniti
784 2988 992 3052 Democritus
1022 2998 1054 3052 et
1075 2988 1289 3072 Anaxagoras
1319 2987 1361 3051 de
1388 2984 1503 3050 eadem
1530 3008 1566 3050 re
1589 2985 1732 3071 scripse-

581 3097 672 3171 runt,
697 3088 969 3174 quemadmodum
991 3099 1138 3176 oporteat
1166 3088 1208 3153 ad
1230 3090 1334 3153 aciem
1356 3088 1524 3153 oculorum
1544 3087 1730 3153 radiorum-

582 3211 644 3275 que
672 3190 891 3253 extentionem
923 3201 1012 3255 certo
1040 3190 1110 3255 loco
1137 3200 1249 3255 centro
1277 3192 1453 3255 constituto
1474 3188 1579 3253 lineas
1600 3189 1732 3253 ratione

531 3310 564 3358 25
581 3290 723 3353 naturali
745 3291 960 3378 respondere,
987 3294 1037 3355 uti
1059 3291 1100 3354 de
1121 3294 1246 3356 incerta
1268 3314 1303 3355 re
1325 3302 1433 3356 certae
1454 3292 1615 3375 imagines
1639 3290 1730 3353 aedi-

581 3391 726 3456 ficiorum
749 3394 783 3455 in
805 3414 993 3456 scaenarum
1015 3394 1150 3480 picturis
1172 3392 1347 3457 redderent
1368 3394 1511 3480 speciem
1533 3401 1567 3456 et
1588 3391 1730 3477 quaein

583 3492 716 3556 directis
748 3491 919 3579 planisque
952 3494 1114 3559 frontibus
1149 3497 1215 3560 sint
1241 3494 1396 3579 figurata,
1424 3494 1490 3558 alia
1515 3492 1730 3558 abscedentia

582 3591 648 3656 alia
675 3595 893 3678 prominentia
914 3617 986 3659 esse
1009 3595 1192 3660 videantur.
1236 3606 1350 3681 postea
1372 3595 1497 3660 Silenus
1520 3595 1563 3659 dc
1584 3616 1763 3681 symma-1⁴

652 3906 665 3952 1
690 3903 769 3954 modo
791 3917 886 3952 unum:
909 3905 947 3952 εἰσ
970 3904 1029 3953 GH.
1051 3899 1064 3969 11
1086 3906 1102 3954 3
1126 3902 1322 3969 aphilodelpho
1347 3900 1376 3955 G.
1399 3903 1411 3970 11
1438 3906 1456 3953 4
1478 3904 1515 3953 cii
1538 3902 1580 3969 (id
1600 3909 1643 3953 est
1664 3900 1726 3953 Chii

582 3989 671 4051 Salm.)
691 3989 728 4037 ei:
746 3990 785 4038 εἰσ
804 3988 855 4039 GH
877 3984 1100 4053 (nonlnulliciiei
1125 3989 1158 4050 G,
1181 3988 1307 4040 nonnulli
1318 3990 1355 4039 cii
1365 3990 1392 4039 ei
1410 3990 1473 4045 Htc,
1496 3990 1561 4040 Non
1582 3987 1654 4037 nulli
1672 3988 1725 4037 ciei

582 4072 626 4134 L).
649 4070 661 4140 11
684 4074 806 4123 zmirnae
825 4071 905 4135 (-ne
925 4071 958 4136 G)
978 4073 1029 4122 GH
1047 4073 1094 4137 (L,
1112 4073 1213 4122 smirne
1232 4076 1253 4131 l,
1271 4086 1379 4138 smyrnq
1398 4072 1451 4136 ch).
1472 4066 1485 4138 11
1507 4073 1523 4121 5
1541 4072 1634 4122 vivom
1653 4072 1689 4120 H.
1710 4067 1722 4133 11

581 4158 611 4206 iu
628 4173 724 4222 pyram
743 4153 812 4223 (pira
831 4158 862 4221 θ)
882 4158 1049 4207 coniectum:
1067 4157 1105 4205 εἰσ
1125 4153 1243 4223 611117
1262 4172 1320 4208 cos:
1340 4171 1369 4205 es
1386 4162 1446 4206 onte
1463 4171 1533 4209 corn
1548 4156 1577 4207 θ.
1593 4152 1638 4221 119
1657 4154 1724 4204 alic-

583 4257 633 4291 nas
652 4250 711 4293 ante
728 4258 797 4292 corr.
817 4243 854 4295 H.
877 4238 890 4307 11
913 4243 945 4293 13
963 4241 1036 4292 alius
1055 4240 1182 4293 Oudend:
1210 4241 1274 4292 aliis
1298 4242 1357 4292 GH.
1380 4237 1393 4307 11
1416 4242 1447 4290 15
1471 4241 1666 4291 facundiores:
1688 4240 1725 4289 εἰσ

584 4326 642 4379 GH.
666 4322 677 4391 11
701 4327 732 4375 16
750 4326 909 4390 talibusque
929 4327 980 4377 GH
996 4324 1045 4391 (L,
1067 4325 1171 4374 talibus
1189 4325 1231 4389 lc).
1257 4321 1270 4392 11
1298 4327 1329 4374 18
1349 4337 1441 4375 eorum
1464 4325 1530 4390 quia
1546 4340 1606 4391 eqo:
1632 4338 1724 4374 eorum

583 4424 653 4472 quae
673 4408 733 4474 (-q
753 4409 784 4472 (i)
805 4412 864 4461 GH.
885 4407 897 4477 11
921 4415 954 4462 20
973 4410 1140 4476 agatharcus
1160 4408 1194 4470 6,
1217 4414 1345 4459 —tarcus
1363 4410 1392 4457 H
1410 4408 1488 4473 (hle).
1515 4404 1527 4474 11
1550 4407 1676 4459 aeschilo
1695 4407 1723 4464 (ἰ,

583 4493 695 4558 eschylo
713 4494 744 4542 H
764 4492 847 4556 (Lero,
867 4494 947 4559 chylo
965 4495 995 4559 ἱ).
1018 4492 1031 4560 11
1054 4488 1352 4565 docentldrragoediam
1373 4495 1406 4542 H
1425 4492 1479 4558 (ubi
1495 4505 1528 4543 oe
1546 4509 1582 4542 ex
1600 4491 1691 4556 corn).
1710 4486 1722 4555 11

583 4576 614 4625 21
637 4592 767 4627 scaenam
789 4580 843 4627 ed:
872 4579 993 4644 adcelna
1019 4585 1078 4630 unte
1108 4596 1177 4634 corr.
1207 4580 1240 4636 G,
1269 4578 1417 4629 adcacnam
1443 4585 1503 4627 ante
1529 4594 1599 4629 corr.
1623 4578 1654 4627 H
1676 4576 1722 4641 (ad

584 4673 715 4710 scaenam
732 4662 785 4720 Hc,
804 4661 923 4712 adscena
941 4663 1014 4728 Gor,
1039 4664 1200 4730 adaequans,
1222 4665 1290 4712 —m'a
1307 4661 1350 4727 el).
1373 4660 1386 4729 11
1412 4665 1446 4712 24
1464 4663 1664 4714 extentionem:
1687 4662 1724 4711 εἰσ

586 4740 643 4792 GH.
667 4742 679 4811 11
701 4744 791 4796 lineas
808 4745 884 4796 Scan.
904 4746 948 4810 (cs.
965 4764 994 4813 p.
1014 4750 1055 4807 12,
1075 4747 1118 4813 3):
1137 4747 1263 4798 adlineas
1282 4747 1341 4806 GH.
