3984 5825
496 629 555 694 126
987 642 1145 693 vrrnovn

491 801 705 884 tignationem
729 799 969 885 suspendantur
991 821 1087 884 quam
1110 798 1333 879 creberrimis,
1363 819 1483 883 eaeque
1505 795 1639 880 regulae

492 903 563 964 sive
584 923 680 964 arcus
703 902 750 964 ita
772 899 988 986 disponantur
1010 903 1059 964 uti
1073 899 1203 984 tegulae
1218 901 1289 962 sine
1304 899 1505 984 marginibus
1521 898 1638 962 sedere

491 1005 527 1066 in
549 1001 675 1066 duabus
698 1002 875 1088 invehique
897 1005 1034 1087 possint,
1058 1011 1091 1065 et
1113 1002 1159 1065 ita
1180 1010 1269 1066 totae
1291 987 1585 1066 connumerationes
1602 1002 1637 1063 in

490 1104 578 1168 ferro
599 1105 741 1168 nitentes
763 1106 830 1167 sint
850 1103 1024 1190 perfectae.
1061 1125 1235 1189 earumque
1256 1103 1639 1189 camerarumsupcriora

458 1219 474 1267 5
493 1215 686 1290 coagmenta
707 1229 749 1268 ex
762 1198 888 1290 ¹argilla
910 1227 983 1268 cum
1006 1205 1123 1292 capillo
1146 1205 1281 1269 subacta
1303 1204 1460 1294 liniantur
1467 1253 1477 1286 ,
1500 1204 1638 1268 inferior

490 1317 600 1371 autem
621 1330 708 1393 pars,
731 1330 814 1393 quae
835 1308 879 1371 ad
898 1309 1122 1392 pavimentum
1144 1316 1280 1393 spectat,
1303 1310 1444 1393 primum
1459 1315 1546 1371 testa
1561 1328 1636 1370 cum

491 1408 579 1472 calce
599 1408 808 1491 trullissetur,
831 1408 951 1473 deinde
974 1431 1070 1497 opere
1092 1408 1216 1473 albario
1239 1411 1310 1472 sive
1330 1411 1466 1493 tectorio
1478 1407 1635 1497 poliatur.

491 1532 612 1597 eaeque
635 1533 781 1574 camerae
808 1512 843 1574 in
872 1510 1026 1575 caldariis
1055 1512 1084 1574 si
1105 1509 1250 1597 duplices
1273 1511 1378 1574 factae
1400 1511 1537 1591 fuerint,
1568 1531 1634 1572 me-

461 1631 463 1634 ·
490 1611 604 1676 liorem
626 1611 793 1690 habebunt
814 1636 919 1676 usum.
962 1636 1028 1677 non
1049 1614 1135 1675 enim
1150 1634 1170 1674 a
1185 1635 1306 1699 vapore
1320 1635 1412 1677 umor
1427 1633 1636 1698 corrumpere

441 1730 473 1777 10
490 1714 612 1800 poterit
633 1715 801 1778 materiem
824 1716 1095 1799 contignationis,
1119 1714 1177 1778 sed
1199 1715 1285 1778 inter
1307 1714 1386 1778 duas
1409 1736 1554 1778 cameras
1577 1735 1635 1776 va-

489 1817 630 1900 gabitur.
675 1816 917 1901 magnitudines
944 1827 1053 1881 autem
1081 1815 1283 1880 balinearum
1305 1815 1460 1881 videntur
1481 1817 1553 1879 fieri
1575 1830 1670 1902 prot

490 1920 584 2004 copia
597 1917 774 1982 hominum.
812 1920 878 1982 sint
892 1920 939 1982 ita
953 1920 1162 2005 compositae.
1200 1927 1322 2004 quanta
1336 1917 1506 2003 longitudo
1521 1918 1635 2000 inerit,

489 2022 586 2084 tertia
613 2019 760 2106 dempta,
795 2019 934 2084 latitudo
962 2022 1006 2083 sit
1033 2029 1162 2107 praeter
1188 2019 1331 2084 scholam
1359 2020 1444 2083 labri
1475 2029 1507 2083 et
1534 2017 1634 2082 alvei.

489 2121 618 2186 labrum
650 2123 763 2207 utique
791 2120 852 2185 sub
887 2121 1009 2185 lumine
1043 2122 1231 2185 faciundum
1259 2121 1407 2206 videtur,
1438 2144 1480 2185 ne
1508 2112 1635 2185 stantes

441 2238 472 2286 lo
491 2225 612 2287 circum
641 2225 708 2286 suis
735 2222 860 2286 umbris
888 2223 1063 2287 obscurent
1085 2223 1199 2287 lucem.
1244 2223 1371 2309 scholas
1394 2231 1503 2287 autem
1525 2223 1633 2287 labro-

489 2348 561 2387 rum
583 2325 629 2387 ita
651 2324 722 2386 fieri
744 2334 871 2410 oportet
893 2327 1053 2411 spatiosas
1082 2326 1131 2390 uti
1158 2348 1231 2388 cum
1252 2327 1377 2418 priores
1401 2325 1636 2411 occupaverint

489 2424 570 2508 loca,
587 2426 894 2512 circumspectantes
910 2426 1028 2512 reliqui
1043 2436 1132 2490 recte
1147 2436 1233 2503 stare
1248 2428 1384 2513 possint.
1421 2425 1509 2489 alvei
1523 2435 1634 2490 autem

489 2525 629 2590 latitudo
651 2527 735 2590 inter
757 2528 913 2613 parietem
937 2538 968 2591 et
990 2528 1136 2615 pluteum
1158 2551 1199 2592 ne
1220 2529 1327 2592 minus
1350 2529 1394 2592 sit
1408 2527 1509 2614 pedes
1525 2550 1634 2609 senos,

489 2638 526 2692 ut
558 2626 679 2711 gradus
710 2629 846 2692 inferior
877 2629 955 2694 inde
993 2630 1120 2694 auferat
1153 2640 1185 2694 et
1217 2629 1372 2716 pulvinus
1405 2629 1487 2694 duos
1519 2623 1633 2715 pedes.

437 2746 478 2801 ao„
488 2729 668 2794 laconicum
685 2731 943 2819 sudationesque
965 2742 1041 2796 sunt
1056 2732 1301 2817 coniungendae
1315 2731 1488 2818 tepidario,
1512 2752 1635 2816 eaeque
1653 2749 1669 2796 5

489 2854 584 2920 quarn
607 2831 692 2896 latae
713 2832 846 2918 fuerint,
868 2844 994 2898 tantam
1008 2834 1214 2898 altitudinem
1234 2833 1375 2898 habeant
1388 2834 1431 2897 ad
1445 2835 1544 2897 imam
1559 2854 1633 2895 eur-

390 2924 394 2934 ’
489 2945 638 3001 vaturam
666 2935 907 3022 hemisphaerii.
957 2938 1165 3023 mediumque
1192 2936 1301 3000 lumen
1328 2938 1364 3000 in
1391 2934 1633 3021 hemisphaerio

487 3037 689 3125 relinquatur
716 3060 758 3101 ex
786 3059 888 3125 eoque
915 3038 1053 3125 clipeum
1084 3061 1220 3102 aeneum
1243 3040 1365 3102 catenis
1388 3038 1545 3125 pendeat,
1574 3058 1633 3123 per

489 3143 579 3206 cuius
601 3139 808 3211 reductiones
836 3150 868 3204 et
890 3139 1104 3205 demissiones
1132 3140 1318 3227 perficietur
1345 3138 1528 3204 sudationis
1550 3146 1631 3201 tem·

437 3253 650 3329 asperatum.
696 3243 867 3328 ipsumque
894 3242 937 3305 ad
966 3244 1124 3306 circinum
1152 3242 1223 3304 fieri
1245 3251 1394 3328 oportere
1416 3239 1566 3323 videtur,
1590 3248 1633 3302 -ut

487 3344 666 3431 aequaliter
692 3364 713 3404 a
739 3342 847 3407 medio
872 3344 1021 3407 flammae
1049 3345 1244 3429 vaporisque
1271 3345 1322 3407 vis
1350 3364 1410 3429 per
1437 3326 1633 3405 curvatrirae

485 3444 730 3508 rotundationes
752 3454 960 3529 pervagetur.

487 3634 528 3682 H:
547 3632 657 3697 haeque
676 3631 698 3681 G
715 3631 795 3696 (Llc).
812 3630 826 3699 Ι]
844 3637 857 3682 1
877 3649 982 3698 eaeque
996 3634 1048 3684 GH
1060 3633 1158 3700 (sequq
1175 3636 1222 3693 Ich,
1240 3634 1349 3700 hacque
1365 3634 1403 3693 lic,
1420 3633 1531 3698 haeque
1549 3632 1595 3695 L).
1617 3631 1631 3697 ll

486 3721 617 3786 cistere
637 3734 680 3784 Ge,
702 3730 715 3800 ll
737 3737 754 3785 3
772 3736 1029 3786 concamarationes
1048 3737 1099 3786 GH
1116 3737 1144 3800 (l,
1156 3735 1411 3785 concamerationes
1430 3733 1506 3798 set).
1533 3736 1633 3799 duplex

487 3824 638 3869 cometam
655 3820 682 3868 in
701 3819 730 3878 G,
746 3820 831 3883 mana
846 3823 873 3868 in
892 3835 916 3881 e,
934 3837 1025 3871 rursus
1042 3823 1133 3876 deiude
1150 3823 1177 3870 in
1194 3838 1219 3871 a.
1244 3817 1257 3886 ΙΙ
1277 3822 1480 3869 4οαιῐιαηῐιιω
1502 3819 1556 3869 GH
1571 3816 1633 3883 (ca-

486 3919 624 3954 merarum
642 3904 711 3967 Llc).
731 3899 745 3968 ll
764 3905 780 3953 5
798 3904 914 3953 inferior
930 3906 986 3955 Joc.
1006 3904 1104 3970 (epit.):
1123 3905 1240 3955 interior
1258 3905 1315 3954 GH.
1333 3900 1346 3969 ΙΙ
1368 3873 1393 3953 ‘l¹
1401 3903 1571 3954 trullissetur
1585 3903 1631 3966 (cs.

491 3990 558 4048 VII,
578 3987 665 4052 3.1);
689 3988 834 4038 truliaetnr
857 3990 879 4038 G
897 3988 985 4052 (lccvll,
1003 3990 1158 4040 trnllizetnr
1176 3989 1264 4053 epit),
1287 3987 1412 4038 tulrzdrnr
1428 3990 1459 4037 H
1479 3986 1562 4051 (Lle).
1584 3985 1632 4054 118

487 4087 593 4137 eaeque
610 4073 665 4142 ¹GH
683 4072 782 4137 (seque
798 4074 847 4136 leli,
865 4073 972 4138 haeque
990 4076 1028 4133 110,
1045 4074 1150 4140 hecque
1169 4074 1214 4135 L).
1235 4069 1248 4138 ll
1271 4088 1399 4122 camerae
1419 4073 1477 4123 GH.
1502 4069 1516 4138 ΙΙ
1535 4076 1567 4123 10
1586 4088 1636 4121 ca,

485 4172 576 4206 moras
595 4153 654 4206 GH.
678 4154 691 4223 ll
714 4160 743 4207 11
762 4157 924 4208 balneorum
943 4159 995 4209 GH
1012 4158 1055 4221 (L,
1074 4158 1236 4208 balnearum
1252 4160 1277 4206 lc
1293 4164 1320 4205 ct
1336 4154 1421 4221 epit).
1441 4152 1454 4221 ΙΙ
1474 4158 1506 4205 13
1525 4156 1630 4205 scolam

489 4241 547 4291 GH.
566 4238 579 4307 ΙΙ
603 4241 815 4292 ueniundum
834 4243 862 4291 H
879 4241 963 4307 (Llcls
982 4242 1139 4293 faciendum
1158 4242 1188 4295 G.
1205 4238 1266 4305 {115
1283 4256 1376 4290 crcum
1396 4241 1418 4291 6
1436 4237 1631 4305 (1111113010-

486 4324 530 4376 las
546 4328 576 4376 H
594 4323 687 4391 (Lcdlz
705 4326 798 4376 scolas
817 4327 839 4376 G
857 4326 897 4390 (1).
922 4324 934 4393 ll
955 4327 1080 4378 laborum
1098 4333 1157 4375 ante
1175 4342 1244 4377 corr.
1264 4325 1293 4375 G.
1316 4322 1329 4390 ΙΙ
1352 4327 1384 4374 16
1402 4324 1464 4374 fieri
1483 4325 1504 4374 G
1523 4322 1629 4387 (Locidz

487 4426 573 4477 fuerit
591 4428 619 4476 H
636 4426 692 4491 (ts).
716 4423 728 4492 ΙΙ
750 4430 783 4478 18
804 4417 887 4496 iones
910 4428 953 4477 6⁶.
977 4424 989 4493 ΙΙ
1011 4430 1044 4478 20
1062 4440 1167 4491 eaeque
1187 4426 1239 4475 GH
1259 4427 1359 4490 (aeque
1376 4426 1419 4483 elz,
1441 4441 1510 4492 eque
1527 4430 1544 4485 1,
1562 4426 1630 4475 hae-

487 4544 540 4593 que
563 4527 606 4591 t).
629 4524 641 4592 ΙΙ
669 4530 702 4577 22
723 4528 882 4592 hemisperii
907 4529 965 4579 GH.
988 4524 1001 4592 ΙΙ
1023 4529 1056 4576 23
1082 4525 1202 4590 clipeum
1226 4527 1255 4584 G,
1282 4519 1407 4591 clypedm
1429 4526 1472 4574 Hc
1489 4523 1629 4591 (clypeum

488 4612 555 4674 Lis).
578 4611 591 4676 ΙΙ
613 4614 647 4660 21
669 4611 851 4662 demissiones
869 4614 903 4661 G:
930 4610 1105 4660 dimissiones
1123 4611 1152 4659 H
1169 4609 1249 4673 (Llc).
1276 4608 1289 4676 ΙΙ
1315 4613 1348 4661 at
1370 4610 1577 4659 rotundationis
1600 4612 1631 4658 H

487 4696 582 4759 l-ues
600 4695 661 4753 Hs).
