3984 5825
706 656 752 704 mr
776 656 1043 705 snonrracrunn
1068 657 1135 704 ma.
1160 657 1206 704 rx.
1466 640 1526 704 221

386 809 475 894 prius
509 807 720 873 transiliendo
750 808 961 874 celerioribus
997 809 1169 875 itineribus
1203 808 1374 896 perficiunt
1407 809 1528 872 iustum

388 931 526 973 cursum.
571 912 617 975 ita
639 910 782 974 efficitur
804 916 852 977 uti
874 911 960 998 quod
989 912 1197 977 demorentur
1218 913 1253 974 in
1275 907 1439 974 nonnullis
1462 910 1528 994 sig·

386 1012 446 1093 nis,
472 1009 575 1076 nihilo
597 1013 705 1077 minus
729 1035 802 1077 cunr
826 1013 966 1099 eripiant
988 1035 1023 1077 se
1038 1013 1080 1077 ab
1095 1014 1290 1078 necessitate
1305 1033 1424 1093 morae,
1449 1008 1529 1074 cele-

363 1113 463 1177 triter
499 1124 740 1201 consequantur
775 1116 895 1179 iustam
928 1116 1196 1180 circumitionem.
1255 1116 1318 1179 iter
1354 1122 1462 1178 autem
1496 1114 1529 1177 in

387 1214 504 1279 mundo
520 1215 675 1279 Mercurii
690 1214 785 1280 stella
807 1216 854 1280 ita
876 1215 1052 1303 pervolitat
1067 1219 1116 1280 uti
1138 1217 1364 1282 trecentesimo
1381 1225 1413 1279 et
1435 1236 1528 1278 sexa·
1547 1231 1562 1278 5

387 1317 531 1400 gensimo
559 1315 612 1380 die
640 1339 698 1404 per
725 1319 894 1401 signorum
921 1320 1028 1406 spatia
1056 1340 1189 1382 currens
1223 1317 1392 1405 perveniat
1418 1317 1461 1380 ad
1495 1315 1529 1379 id

388 1419 515 1502 signum
537 1439 580 1482 ex
601 1440 665 1504 quo
681 1418 788 1506 priore
810 1418 1055 1485 circumlatione
1075 1420 1181 1506 coepit
1204 1418 1311 1483 facere
1333 1440 1473 1500 cursum,
1498 1429 1529 1481 et
1554 1412 1559 1425 “

388 1519 432 1582 ita
454 1530 674 1606 peraequatur
696 1522 764 1584 eius
787 1521 850 1585 iter
871 1531 907 1584 ut
930 1523 1060 1585 circiter
1082 1523 1223 1586 tricenos
1240 1519 1310 1585 dies
1333 1522 1368 1583 in
1390 1517 1529 1604 singulis

364 1621 489 1706 teignis
513 1610 631 1686 habeat
653 1623 780 1686 numeri
802 1624 971 1688 rationem.
1009 1622 1148 1687 Veneris
1164 1633 1273 1687 autem
1288 1644 1361 1686 curn
1378 1631 1426 1685 est
1449 1619 1528 1684 libe·

386 1733 453 1787 rata
468 1723 513 1787 ab
528 1723 731 1810 inpeditione
746 1723 910 1788 radiorum
927 1723 1016 1806 solis,
1040 1743 1114 1789 xxx
1130 1724 1245 1789 diebus
1268 1724 1427 1812 percurrit
1442 1723 1529 1807 signi
1549 1739 1580 1787 10

385 1826 537 1912 spatium.
568 1848 631 1911 quo
653 1826 761 1889 minus
780 1824 1005 1912 quadragenos
1022 1826 1093 1890 dies
1116 1827 1150 1889 in
1166 1824 1303 1911 singulis
1320 1826 1422 1910 signis
1445 1825 1528 1912 pati-

384 1937 453 2008 tur,
477 1948 552 1991 cum
574 1928 747 1991 stationem
769 1926 884 1993 fecerit
906 1929 1050 1993 restituit
1073 1950 1143 1992 eam
1165 1950 1324 1991 summam
1347 1926 1472 1990 numeri
1494 1927 1529 1988 in

381 2050 448 2092 uno
476 2030 570 2114 signo
598 2039 732 2093 morata.
782 2051 859 2114 ergo
888 2038 989 2093 totam
1012 2031 1255 2094 circinationem
1283 2026 1428 2093 incaelo
1451 2049 1529 2114 qua-

382 2129 642 2215 dringentesimo
664 2141 696 2195 et
718 2133 939 2216 octogensimo
961 2140 993 2195 et
1015 2133 1128 2219 quinto
1145 2132 1198 2195 die
1220 2152 1390 2218 permensa
1411 2131 1529 2194 iterum

363 2232 447 2296 «init
477 2234 607 2317 signum
635 2255 677 2296 cx
700 2255 763 2321 quo
791 2235 885 2318 signo
914 2235 1004 2320 prius
1032 2235 1095 2297 iter
1121 2233 1228 2298 facere
1251 2235 1367 2322 coepit.
1412 2232 1579 2297 Martis15

384 2354 463 2398 vero
486 2334 618 2398 circiter
640 2335 877 2409 sexcentesimo
900 2337 1121 2420 octogensimo
1144 2335 1240 2400 tertio
1256 2333 1399 2399 siderum
1422 2334 1529 2422 spatia

383 2434 595 2523 pervagando
629 2437 778 2522 pervenit
811 2448 849 2501 eo
881 2459 924 2501 ex
956 2459 1020 2523 quo
1054 2438 1184 2502 initium
1217 2435 1367 2502 faciendo
1400 2458 1529 2500 cursum

384 2537 507 2601 fecerat
528 2545 621 2618 anto,
645 2539 733 2602 etin
756 2538 874 2626 quibus
897 2540 999 2623 signis
1016 2538 1153 2603 celerius
1176 2538 1352 2626 percurrit,
1376 2559 1449 2602 cum
1464 2547 1529 2600 sta·

384 2640 508 2703 tionem
537 2638 616 2702 fecit
645 2639 754 2726 explet
784 2639 910 2703 dicrum
937 2642 1061 2705 numeri
1090 2641 1258 2704 rationem.
1308 2638 1398 2703 lovis
1421 2649 1530 2703 autom

385 2738 622 2826 placidioribus
650 2740 807 2825 gradibus
836 2741 995 2806 scandens
1024 2750 1136 2806 contra
1163 2739 1276 2802 mundi
1299 2740 1527 2821 versationem,
1547 2757 1580 2805 20

384 2843 516 2906 circiter
538 2857 650 2906 cchx
672 2841 789 2907 diebus
813 2843 942 2929 singula
964 2844 1059 2928 signa
1086 2842 1294 2930 permetitur,
1325 2851 1357 2904 et
1379 2841 1529 2906 consistit

384 2955 458 3031 post
480 2966 583 3009 annos
605 2962 643 3008 111
667 2953 698 3008 et
722 2944 792 3008 dies
816 2962 945 3009 cccxlu
969 2955 1001 3009 et
1030 2944 1116 3009 redit
1137 2944 1172 3006 in
1193 2942 1228 3006 id
1256 2943 1386 3027 signum
1408 2944 1443 3005 in
1465 2964 1528 3029 quo

383 3056 459 3112 ante
482 3047 650 3111 x11annis
673 3044 791 3110 fuerat.
829 3046 969 3112 ¹Saturni
993 3067 1087 3128 vero,
1117 3044 1283 3110 mensibus
1304 3042 1529 3128 undetriginta

384 3159 415 3212 et
437 3148 577 3235 amplius
601 3148 713 3234 paucis
737 3146 852 3212 diebus
875 3149 1058 3235 pervadens
1081 3170 1140 3235 per
1161 3147 1247 3231 signi
1269 3146 1420 3232 spatium,
1443 3166 1527 3207 anno

382 3272 468 3315 nono
505 3259 537 3314 et
573 3250 753 3315 vicensimo
791 3259 824 3313 et
860 3251 990 3314 circiter
1026 3249 1141 3314 diebus
1179 3265 1246 3313 eux
1282 3248 1317 3310 in
1354 3269 1416 3333 quo
1452 3254 1528 3309 ante
1546 3262 1579 3312 25

452 3445 466 3489 1
485 3440 587 3490 iustum
606 3454 725 3491 cursum.
753 3440 793 3490 ita
812 3438 933 3490 efficitur
952 3439 1012 3489 EG:
1031 3455 1078 3490 om.
1098 3438 1126 3488 H
1145 3436 1224 3502 (hle).
1240 3434 1252 3504 ΙΙ
1268 3440 1284 3488 3
1303 3437 1424 3501 eripiant
1436 3452 1464 3487 se
1478 3435 1527 3487 ab:

382 3526 419 3574 aie
437 3524 525 3578 ΕΘΗ.
550 3520 562 3590 ΙΙ
584 3525 601 3574 4
618 3526 688 3575 Item
708 3524 732 3573 E
751 3523 796 3587 (li).
820 3520 832 3590 ΙΙ
855 3526 871 3575 5
889 3525 1007 3574 mercuri
1026 3525 1062 3578 H.
1085 3520 1097 3589 ll
1121 3523 1322 3573 trecentissimo
1343 3523 1438 3585 Glnon
1455 3520 1500 3585 Ε).
1514 3518 1526 3593 Η

382 3608 560 3673 sexagesimo
578 3607 604 3655 Ε
621 3604 703 3673 (lde),
718 3609 925 3673 -gensimo-H,
944 3610 1099 3673 —gessimc
1113 3608 1143 3660 G.
1165 3603 1177 3674 ll
1195 3609 1209 3657 7
1224 3607 1374 3670 circulcum
1387 3623 1443 3673 epo,
1457 3609 1491 3671 cs.
1501 3624 1528 3671 p.

382 3696 444 3755 224,
458 3692 594 3756 dilatione
607 3694 694 3743 ΜΗ.
711 3690 724 3759 ΙΙ
742 3696 773 3743 10
785 3692 875 3743 XXX:
896 3694 933 3754 sic
946 3692 1032 3743 EGH.
1049 3688 1061 3758 ῙΙ
1079 3694 1108 3741 11
1123 3706 1175 3757 quo
1190 3693 1240 3743 GH
1253 3690 1337 3758 (Llo):
1357 3692 1401 3761 (iffi
1413 3692 1457 3755 (z
1468 3694 1529 3756 qno,

381 3776 523 3843 quoniam)
537 3778 570 3831 Ε.
592 3774 604 3843 ΙΙ
622 3780 652 3828 12
666 3779 795 3828 restituet
806 3777 853 3831 Ec.
870 3773 883 3843 ΙΙ
900 3780 930 3828 13
944 3793 1010 3842 ergo
1023 3782 1108 3846 totam
1122 3777 1182 3828 EG:
1202 3783 1326 3843 ergotam
1340 3779 1368 3827 H
1386 3777 1444 3841 (Le,
1463 3792 1529 3842 ergo

383 3867 440 3913 tam
453 3863 521 3926 Isi).
537 3857 550 3929 fl
567 3862 777 3914 circinationem
797 3877 856 3924 epo:
876 3858 1033 3926 (0111223,
1047 3866 1088 3911 14.
1104 3865 1142 3911 17.
1156 3865 1215 3921 227,
1229 3867 1252 3911 7.
1269 3861 1330 3925 13):
1355 3862 1528 3911 circitionem

382 3948 433 3997 GH
453 3946 507 4011 (Li,
526 3947 674 3998 circionem
693 3947 744 4011 eli),
763 3947 954 3997 circuitionem
972 3946 997 3995 E
1015 3942 1086 4010 (Le),
1111 3943 1123 4011 ll
1147 3948 1178 3995 14
1196 3945 1384 4009 octogensimo
1404 3944 1454 3994 GH
1473 3943 1527 4006 (L),

381 4030 561 4097 -geaim0E
574 4027 628 4097 (lc).
648 4028 661 4099 [l
683 4047 830 4098 permensa
847 4031 896 4080 EG
914 4030 977 4096 (ἠΰτ
996 4044 1142 4095 permanea
1159 4030 1188 4079 H
1200 4028 1296 4091 (Lici).
1317 4025 1329 4094 ΙΙ
1353 4030 1384 4077 11)
1401 4028 1454 4076 init
1474 4023 1526 4093 [f]:

380 4116 439 4166 inid
459 4116 538 4167 EGH
557 4113 641 4179 (Lici,
658 4118 707 4166 aed
723 4117 752 4166 lt⁶
765 4124 827 4181 post
843 4117 950 4181 signum
968 4119 1052 4180 suppl.
1072 4114 1153 4176 redit,
1171 4120 1198 4163 ut
1214 4114 1293 4176 doc).
1314 4107 1325 4177 ll
1349 4113 1380 4161 16
1399 4118 1528 4176 octogen-

381 4201 452 4251 simo
472 4200 524 4251 GH
537 4199 702 4266 (—gessim0
720 4200 754 4263 e),
772 4201 908 4265 -gesimo
928 4201 953 4249 E
966 4199 1046 4263 (th).
1072 4196 1083 4264 ll
1105 4199 1187 4248 tertio
1205 4197 1337 4247 siderum:
1355 4197 1392 4245 sic
1411 4196 1495 4246 EGH.
1511 4193 1525 4263 {l

380 4288 412 4335 21
432 4284 503 4336 CCC
514 4319 520 4334 .
531 4285 601 4337 Lx.
620 4286 647 4335 H
658 4284 740 4349 (Lic):
762 4283 880 4335 CCCXL
894 4283 949 4335 Eo.
968 4280 979 4350 ΙΙ
995 4282 1107 4348 singula
1126 4283 1172 4333 6⁰:
1191 4280 1331 4346 insingula
1350 4281 1404 4330 EII
1416 4277 1489 4345 (Llc)
1503 4289 1530 4331 et

380 4378 441 4421 ante
454 4386 524 4421 corr.
537 4370 567 4420 G.
585 4368 597 4435 ΙΙ
616 4371 649 4420 22
667 4374 730 4435 post
748 4384 835 4419 annos
853 4370 909 4423 ,XL
928 4369 989 4419 EG:
1010 4371 1070 4432 post
1089 4369 1163 4416 annii
1181 4366 1220 4415 x1
1232 4366 1277 4420 ,Η
1294 4364 1326 4428 (c,
1346 4380 1447 4415 annum
1470 4365 1527 4419 xl.

381 4455 435 4516 ιι).
453 4452 465 4522 ιι
483 4453 623 4505 cccxnr
636 4455 707 4506 Mar.
727 4440 831 4517 (aaran
851 4452 1015 4505 cccxxm
1036 4451 1120 4500 ron.
1137 4446 1149 4516 n
1165 4452 1197 4500 aa
1215 4449 1375 4499 xuannn
1393 4450 1453 4498 ao:
1473 4450 1527 4499 xn

382 4555 469 4590 annos
488 4538 519 4587 H
544 4536 623 4602 (Ltc).
646 4536 659 4604 [Ι
683 4538 872 4603 undetriginta
890 4538 919 4587 H
937 4536 1007 4600 (Le),
1026 4532 1112 4596 undet
1133 4534 1226 4588 XXX.
1248 4534 1280 4591 G,
1299 4533 1371 4584 unde
1389 4534 1482 4583 .XXX.
1502 4534 1527 4583 E

380 4624 421 4688 (l).
445 4621 459 4692 ΙΙ
481 4626 516 4674 24
534 4625 615 4690 per(p
628 4624 766 4688 EG)aigni
785 4623 862 4672 ΕΘΗ
885 4623 944 4681 (sed
961 4621 996 4671 6⁶
1013 4621 1062 4671 del.
1081 4617 1150 4683 per).
1172 4614 1184 4683 11
1208 4619 1240 4668 25
1258 4619 1409 4670 vicensimo
1428 4618 1456 4668 H
1483 4616 1526 4682 (L,

380 4710 535 4761 -eeasimo
553 4711 592 4774 c),
611 4708 816 4772 -cesimoEG
835 4708 875 4772 (1).
898 4703 911 4773 Η
934 4704 1018 4755 CLX:
1037 4706 1075 4755 aio
1094 4703 1178 4760 EGH.
