3984 5825
667 677 714 723 nn
737 676 1004 751 sscnrrucruua
1028 679 1096 724 urs.
1120 680 1142 724 1.
1433 662 1472 725 13

331 831 404 894 ficia
433 831 494 894 sub
518 829 575 893 diu
597 829 779 916 hypaethra
802 831 1051 894 constituentur.
1097 830 1208 894 horum
1233 833 1318 894 enim
1341 830 1476 893 deorum

331 941 363 996 et
389 934 515 1018 species
546 941 577 993 et
604 931 736 995 effectus
764 931 800 994 in
825 940 936 1018 aperto
963 931 1085 995 mundo
1113 941 1209 1018 atque
1236 931 1357 995 lucenti
1385 953 1475 1017 prae-

331 1041 440 1096 sentes
462 1033 626 1095 videmus.
656 1030 826 1094 Minervae
848 1041 881 1095 et
895 1031 995 1096 Marti
1019 1041 1051 1096 ct
1067 1031 1203 1097 Herculi
1225 1032 1321 1096 aedes
1345 1031 1476 1095 doricae

330 1133 420 1198 fient.
469 1133 520 1196 his
549 1134 635 1196 enim
663 1131 727 1196 diis
750 1143 883 1219 propter
906 1135 1062 1196 virtutem
1085 1135 1155 1196 sine
1178 1133 1305 1197 deliciis
1327 1132 1477 1195 aedificia

331 1235 486 1298 constitui
516 1235 620 1297 dccet.
671 1233 793 1298 Veneri
821 1233 939 1299 Florae
960 1235 1175 1320 Proserpinae
1198 1235 1296 1299 Fonti
1316 1233 1509 1320 Lumphiss

332 1335 492 1399 corinthio
524 1356 645 1420 genere
672 1337 868 1399 constitutae
900 1345 993 1423 aptas
1026 1336 1227 1400 videbuntur
1254 1335 1375 1400 habere
1402 1357 1475 1422 pro-

331 1439 504 1524 prietates,
539 1436 626 1522 quod
658 1436 709 1500 his
743 1438 808 1500 diis
841 1447 973 1524 propter
1006 1439 1212 1501 teneritatem
1244 1437 1417 1522 graciliora
1445 1445 1477 1498 et

332 1539 449 1602 florida
475 1537 629 1623 foliisque
657 1548 688 1602 et
716 1537 837 1602 volutis
865 1549 979 1602 ornata
1008 1559 1105 1624 opera
1133 1538 1220 1602 facta
1242 1560 1362 1623 augere
1384 1536 1475 1599 vide-

332 1641 453 1703 buntur
480 1640 602 1703 iustum
629 1638 789 1703 decorem.
839 1640 958 1705 Iunoni
979 1641 1106 1704 Dianae
1129 1640 1249 1704 Libero
1272 1641 1362 1703 Patri
1390 1647 1474 1701 eete-

331 1743 441 1826 risque
473 1740 537 1803 diis
569 1742 625 1827 qui
657 1740 770 1803 eadem
803 1751 879 1804 sunt
912 1741 1127 1806 similitudine
1161 1743 1189 1806 si
1222 1741 1319 1804 aedes
1352 1741 1476 1804 ionicae
1496 1728 1535 1800 10¹

333 1851 577 1923 construentur,
610 1841 722 1906 habita
755 1844 817 1906 erit
849 1845 932 1907 ratio
967 1843 1219 1924 mediocritatis,
1254 1842 1340 1929 quod
1375 1850 1407 1904 et
1433 1839 1475 1902 ab

333 1965 448 2007 severo
475 1965 565 2007 more
594 1942 777 2007 doricorum
806 1953 838 2007 et
864 1944 907 2008 ab
934 1947 1109 2009 teneritate
1136 1944 1367 2008 corinthiorum
1394 1951 1474 2005 tem-

244 2103 249 2111 .
298 2045 502 2130 operabitur
534 2067 645 2109 earum
676 2046 839 2109 institutio
872 2047 1093 2133 proprietatis.
1141 2046 1184 2109 ad
1207 2044 1483 2111 consuetudinem.

331 2155 440 2210 autem
463 2145 559 2209 decor
582 2148 630 2210 sic
652 2147 863 2232 exprimitur,
894 2170 966 2212 cum
992 2147 1152 2211 aedificiis
1175 2141 1385 2211 interioribus
1408 2165 1474 2207 ma-

332 2247 461 2331 gnificis
483 2249 562 2310 item
583 2246 748 2311 vestibula
770 2251 997 2313 convenientia
1020 2260 1052 2313 et
1074 2248 1235 2333 elegantia
1263 2256 1356 2311 erunt
1378 2246 1474 2309 facta.
1495 2261 1526 2308 15

332 2351 360 2412 si
401 2351 487 2412 enim
524 2348 680 2413 interiora
711 2335 902 2437 prospectus
936 2352 1109 2428 habuerint
1142 2349 1327 2434 elegantes,
1366 2348 1474 2411 aditus

331 2459 441 2513 autem
462 2448 600 2515 humiles
623 2459 655 2513 et
676 2449 881 2535 inhonestm,
910 2475 976 2517 non
1004 2462 1098 2517 erunt
1126 2474 1198 2517 cum
1226 2452 1353 2514 decore.
1398 2451 1476 2512 item

332 2553 360 2614 si
390 2551 509 2614 doricis
538 2550 700 2638 epistyliis
727 2553 762 2615 in
791 2556 917 2618 coronis
941 2553 1096 2618 denticuli
1120 2553 1306 2639 sculpentur
1327 2559 1384 2615 aut
1406 2550 1475 2635 pul-

333 2653 456 2716 vinatis
485 2651 634 2738 capitulis
663 2663 695 2716 et
721 2653 836 2718 ionicis
865 2655 1028 2741 epistyliis
1057 2656 1281 2742 exprimentur
1305 2651 1475 2738 triglyphi,

333 2752 500 2817 translatis
518 2776 558 2817 ex
573 2752 639 2816 alia
654 2755 781 2819 ratione
796 2757 1050 2842 proprietatibus
1074 2759 1109 2820 iu
1131 2756 1221 2820 aliud
1242 2778 1345 2841 genus
1368 2755 1475 2840 operis
1494 2769 1526 2816 20
1564 2775 1567 2779 ·

334 2855 517 2921 offendetur
537 2865 705 2942 aspectus,
728 2856 802 2922 aliis
824 2867 900 2923 ante
922 2858 1046 2923 ordinis
1069 2857 1359 2924 consuetudinibus
1382 2857 1475 2919 insti-

299 2960 423 3023 ttutis.
472 2958 629 3022 naturalis
656 2968 765 3023 autem
793 2960 892 3023 decor
921 2961 968 3023 sic
996 2962 1080 3042 crit,
1114 2962 1141 3022 si
1163 2960 1303 3045 primum
1325 2958 1476 3021 omnibus

333 3059 463 3145 templis
479 3059 710 3124 saluberrimae
725 3062 873 3146 regiones
896 3083 1116 3148 aquarumque
1137 3061 1243 3124 fontes
1265 3060 1300 3121 in
1322 3059 1373 3122 his
1396 3056 1476 3121 locis

333 3161 445 3225 idonei
460 3161 621 3246 eligentur
635 3164 670 3226 in
685 3164 802 3249 quibus
818 3162 895 3245 fana
917 3164 1170 3243 constituantur,
1194 3160 1313 3224 deinde
1334 3160 1476 3222 maxime

333 3262 530 3349 Aesculapio
559 3263 679 3346 Saluti,
706 3287 843 3350 quo1um
871 3260 1005 3329 deorum
1033 3264 1165 3351 plurimi
1192 3262 1363 3327 medicinis
1386 3262 1476 3345 aegri
1494 3275 1527 3323 25

404 3625 417 3672 l
436 3623 494 3673 diu:
514 3624 576 3675 divo
597 3624 654 3674 GH.
667 3620 679 3689 ΙΙ
690 3624 844 3689 hypaethra
862 3626 915 3674 ert:
934 3624 1125 3689 hypethraque
1146 3624 1174 3684 G,
1195 3621 1397 3688 hyphdrraq311
1417 3619 1475 3687 (hy-

333 3708 463 3773 phetraq,
484 3704 579 3774 1210).ss
597 3709 800 3758 constituentur
821 3710 848 3757 H
860 3707 973 3774 (Llccllz
991 3712 1141 3758 -tuuutur
1161 3707 1234 3769 Gtet
1247 3714 1305 3757 unte
1324 3723 1392 3759 corr.
1411 3706 1445 3772 c).
1460 3705 1472 3772 ll

334 3796 350 3842 3
368 3792 495 3842 videmus
515 3793 550 3843 G:
578 3793 694 3842 vidimus
713 3795 740 3842 H
763 3792 879 3856 (Getta).
897 3788 910 3857 Η
925 3808 1049 3842 mrnuruc
1067 3799 1126 3859 ante
1144 3808 1213 3842 corr.
1234 3793 1262 3841 G.
1281 3788 1293 3857 ll
1309 3792 1394 3841 aedos
1417 3798 1475 3840 ante

334 3894 403 3927 corr.
426 3877 456 3926 G.
479 3875 492 3943 ΙΙ
513 3880 530 3926 4
547 3877 650 3927 diliciis
670 3878 740 3936 6110,
758 3877 870 3927 dilicias
888 3885 947 3926 ante
965 3892 1034 3943 corr.
1055 3878 1088 3926 ΙΙ.
1113 3873 1125 3942 ΙΙ
1148 3877 1260 3926 tronti
1277 3877 1410 3941 Lumphis
1429 3877 1473 3937 (ef.

334 3962 363 4015 0.
378 3962 402 4010 Ι.
415 3962 448 4014 L,
463 3961 487 4017 I,
502 3960 726 4027 12381umphieis
738 3982 772 4005 =
784 3961 938 4026 vappatelz
958 3961 1090 4025 fontrcym
1104 3961 1165 4025 phrs
1181 3961 1201 4010 G
1215 3959 1296 4026 (phys
1310 3961 1364 4024 GC),
1385 3960 1474 4021 fonty-

335 4046 397 4094 curn
415 4044 485 4110 phys
503 4046 532 4093 H
550 4045 641 4110 (fonty
658 4046 764 4111 cuphys
781 4047 817 4107 P,
841 4045 920 4109 fonty
939 4046 973 4093 cir
991 4046 1061 4109 phys
1084 4046 1111 4102 b,
1136 4045 1250 4109 fontyeir
1273 4045 1342 4108 phys
1361 4047 1380 4100 l,
1405 4044 1475 4091 lontr

335 4131 369 4178 eu
388 4130 450 4194 phm
468 4146 482 4179 e
502 4128 583 4193 [phys
601 4128 665 4195 cchl,
684 4131 781 4194 foutyh
801 4129 908 4194 nyphys
923 4146 953 4194 p,
972 4130 1063 4179 sontii
1081 4130 1201 4194 nimphrs
1219 4128 1263 4193 L).
1287 4125 1299 4193 ΙΙ
1324 4130 1353 4175 11
1373 4127 1408 4175 ab
1427 4143 1474 4176 ons.

335 4214 376 4275 (et
393 4213 502 4277 severo)
528 4213 556 4262 G.
584 4211 597 4279 ΙΙ
623 4216 655 4265 13
679 4229 773 4263 earum
795 4215 867 4263 doe:
895 4229 988 4264 eorum
1013 4214 1071 4266 GH.
1095 4210 1107 4278 ΙΙ
1136 4215 1166 4263 16
1189 4215 1349 4278 prospectus
1375 4212 1414 4259 ed.
1434 4211 1474 4259 Fr.

336 4296 425 4362 (ree.):
453 4298 537 4363 per(p
557 4298 686 4360 Glfectus
706 4299 765 4351 GH,
794 4295 806 4363 Η
835 4300 866 4348 18
890 4302 938 4347 aut
961 4298 1129 4362 —triglyphi
1156 4299 1225 4347 doe:
1259 4296 1361 4357 autin
1385 4294 1474 4358 pulvi·

334 4384 409 4431 natis
439 4382 573 4432 columnis
597 4387 625 4432 et
653 4383 751 4432 ionicis
778 4381 991 4447 episty(iG)liis
1016 4383 1145 4448 capitulis
1170 4383 1357 4445 exprimentur
1379 4379 1474 4442 trigly-

334 4466 395 4529 phis
412 4464 570 4531 (triclyphis
588 4467 632 4531 H)
648 4468 698 4516 GH
717 4465 783 4528 (scil.
801 4470 837 4516 ad
853 4467 931 4517 verba
949 4468 977 4515 in
995 4466 1147 4531 pulvinatis
1166 4464 1300 4512 columnis
1318 4465 1344 4511 iu
1361 4465 1474 4527 marptne

335 4552 470 4615 archetypi
480 4568 497 4599 a
509 4559 656 4601 correctore
668 4553 824 4615 adscriptum
833 4552 914 4612 futare
931 4550 1031 4600 videtur
1048 4548 1185 4612 capitulis,
1199 4550 1267 4611 qnod
1278 4550 1303 4596 in
1313 4554 1408 4597 textum
1421 4554 1474 4597 loco

334 4625 421 4699 inepto
429 4642 522 4700 postea
531 4637 637 4685 inseruit
645 4637 765 4685 librarius
774 4654 790 4685 a
801 4652 848 4701 quo
856 4638 969 4699 pendent
980 4631 1050 4696 GH).
1062 4630 1074 4698 ll
1086 4636 1116 4681 21
1128 4632 1200 4681 alius
1210 4633 1284 4681 Seleu.
1298 4628 1309 4697 ll
1321 4632 1354 4681 25
1364 4633 1413 4682 aes
1416 4628 1420 4697 Ι
1429 4649 1474 4683 eu-

335 4734 381 4783 pro
394 4726 453 4767 ante
466 4736 534 4771 corr.
550 4721 579 4769 G.
598 4717 610 4786 l}
627 4736 736 4784 quorum
755 4721 866 4771 deorum
880 4736 925 4784 epo
939 4717 979 4780 (et
990 4734 1015 4782 q.
1029 4718 1053 4766 d.
1069 4717 1157 4780 Lor.):
1178 4722 1201 4782 (r
1216 4717 1293 4782 eloris
1312 4718 1394 4769 deoru
1409 4733 1474 4784 quo-
