3984 5825
660 730 707 780 nn
730 692 996 782 suessanorum
1022 734 1091 780 mn.
1112 732 1160 780 rx.
1418 719 1482 788 225

334 907 404 950 non
428 886 471 950 sit
498 894 631 973 propter
657 887 742 949 aeris
771 885 1019 950 similitudinem
1048 886 1218 950 obscuram
1246 887 1362 951 videri.
1407 912 1481 954 cnm

334 986 381 1050 ad
404 986 670 1075 perpendiculum
687 1008 725 1050 ea
740 989 783 1051 sit
804 988 846 1051 ad
870 975 938 1051 eins
961 988 1082 1071 radios,
1105 997 1209 1053 totum
1231 988 1339 1054 lumen
1361 991 1403 1053 ad
1427 1016 1480 1056 su-

297 1089 499 1175 aperiorem
521 1089 663 1176 speciem
685 1089 818 1152 retineri
842 1098 973 1171 ettunc
995 1111 1066 1153 eam
1090 1091 1200 1154 vocari
1222 1092 1371 1177 primam.
1409 1116 1481 1158 eum

335 1190 538 1276 praeteriens
567 1189 667 1254 vadat
690 1188 733 1252 ad
760 1191 894 1255 orientis
923 1189 1006 1255 caeli
1034 1200 1162 1277 partes,
1195 1191 1335 1258 relaxari
1358 1194 1400 1258 ab
1423 1197 1481 1259 im-

334 1300 416 1378 petu
437 1290 514 1356 solis
537 1301 780 1379 extremamque
802 1292 871 1355 eius
893 1301 1020 1378 partem
1035 1291 1228 1356 candentiae
1244 1295 1364 1382 oppido
1385 1311 1516 1383 qnamo

334 1393 428 1456 tenni
451 1393 538 1458 linea
558 1391 601 1457 ad
623 1402 742 1457 terram
770 1394 900 1457 mittere
928 1392 1134 1482 splendorem
1163 1396 1263 1460 etita
1285 1417 1327 1459 ex
1349 1419 1386 1461 eo
1410 1422 1481 1462 earn

335 1495 512 1559 secundam
545 1496 667 1560 vocari.
722 1493 887 1559 cotidiana
918 1505 1027 1560 autern
1061 1497 1257 1562 versationis
1289 1499 1481 1565 remissione

334 1598 466 1660 tertiam
489 1607 638 1684 quartam
665 1597 700 1660 in
722 1595 792 1659 dies
815 1599 993 1664 numerari.
1036 1597 1173 1683 septimo
1196 1598 1250 1662 die
1273 1622 1346 1665 curn
1368 1601 1416 1665 sol
1439 1604 1482 1667 sit

334 1698 378 1760 ad
400 1698 612 1781 occidentem,
635 1697 713 1762 luna
734 1707 843 1762 autem
865 1699 951 1764 inter
972 1699 1129 1764 orientem
1152 1709 1184 1763 et
1199 1700 1401 1766 occidentem
1415 1726 1481 1768 me-

335 1798 407 1865 dias
435 1800 518 1864 caeli
545 1810 655 1866 teneat
677 1801 827 1886 regiones
834 1850 843 1884 ,
878 1800 965 1887 quod
993 1799 1130 1864 dimidia
1157 1812 1250 1888 parte
1272 1802 1353 1868 caeli
1375 1807 1482 1893 spatio
1502 1819 1533 1868 10

335 1900 478 1966 distata
500 1901 586 1986 sole,
615 1905 695 1968 item
722 1901 893 1966 dimidiam
923 1901 1116 1966 candentiae
1144 1925 1333 1969 conversam
1362 1906 1483 1973 habere

333 2003 377 2066 ad
406 2012 537 2069 terram.
592 2005 679 2068 inter
711 2003 813 2069 solem
839 2025 918 2069 vero
947 2014 979 2068 et
1006 2003 1116 2067 lunam
1150 2027 1222 2070 cum
1251 2005 1352 2073 distet
1377 2020 1481 2075 totum

334 2106 448 2170 mnndi
470 2107 612 2193 spatium
634 2116 667 2170 et
689 2105 784 2171 lunae
806 2106 924 2170 orienti
948 2104 997 2170 sol
1018 2115 1108 2170 trans
1132 2116 1245 2172 contra
1267 2109 1310 2174 sit
1332 2110 1373 2174 ad
1397 2114 1480 2177 occi-

335 2207 483 2290 dentem,
506 2229 578 2271 eam
599 2230 663 2296 quo
685 2207 814 2293 longius
837 2206 926 2272 absit
949 2230 969 2271 a
990 2208 1092 2272 radiis
1115 2210 1301 2301 remissam,
1325 2231 1405 2278 xr111
1427 2214 1482 2277 die

332 2306 429 2394 plena
451 2318 523 2374 rota
544 2311 645 2374 totius
673 2309 761 2374 orbis
783 2311 913 2373 mittere
935 2307 1158 2396 splendorem,
1181 2311 1388 2400 reliquosque
1410 2314 1479 2379 dies
1500 2332 1530 2377 ιε’,

333 2410 558 2475 decrescentia
580 2410 745 2475 cotidiana
766 2410 809 2474 ad
832 2409 1066 2497 perfectionem
1088 2409 1211 2477 lunaris
1233 2415 1354 2479 mensis
1370 2438 1479 2481 versa-

332 2513 477 2577 tionibus
507 2522 539 2577 et
567 2535 664 2577 cursu
691 2535 711 2576 a
738 2511 807 2577 sole
841 2513 1105 2578 revocationibus
1136 2512 1247 2578 subire
1279 2515 1339 2581 sub
1375 2529 1479 2583 rotam

332 2611 509 2701 radiosque
531 2615 600 2678 eins
623 2612 656 2679 et
676 2624 860 2679 menstruas
884 2612 1012 2678 dierum
1034 2613 1163 2678 efficere
1184 2616 1339 2682 rationes.

295 2726 312 2772 3
415 2713 477 2779 Uti
512 2726 623 2780 autem
658 2715 869 2781 Aristarchus
907 2714 1036 2780 Samius
1078 2714 1325 2783 mathematicus
1363 2722 1478 2807 vigore

331 2838 450 2903 magno
467 2819 610 2883 rationes
628 2818 798 2882 varietatis
815 2815 999 2903 disciplinis
1016 2814 1057 2877 de
1073 2815 1185 2878 eadem
1201 2839 1237 2881 re
1252 2817 1395 2905 reliquit,
1420 2843 1475 2885 ex·
1495 2838 1527 2885 ao

329 2941 460 3007 ponam.
492 2942 559 2985 non
581 2921 668 2984 enim
690 2919 769 2984 latet
791 2920 901 2983 lunam
921 2941 986 2982 non
1002 2939 1096 2981 sunm
1111 2920 1343 3007 propriumque
1356 2921 1476 2987 habere

329 3020 440 3086 lumen
471 3022 530 3087 sed
563 3044 636 3088 esse
666 3022 714 3087 uti
747 3020 913 3108 speculum
941 3029 974 3083 et
1001 3018 1044 3083 ab
1072 3018 1150 3085 solis
1178 3021 1303 3108 impetn
1331 3025 1476 3110 recipere

397 3233 411 3281 1
430 3229 524 3281 videre
535 3229 570 3279 Ε.
582 3226 594 3297 ΙΙ
606 3232 622 3280 2
635 3245 669 3280 ea
681 3230 719 3281 sit
730 3244 791 3294 eqo:
810 3230 886 3279 esset
898 3226 955 3290 (eat
971 3224 1003 3289 Θ)
1017 3226 1102 3277 ΕΘΗ.
1115 3223 1127 3293 Η
1138 3231 1154 3279 3
1166 3229 1288 3279 retinere
1301 3230 1333 3284 Ε.
1346 3227 1358 3297 Ι)
1369 3233 1386 3282 4
1397 3232 1476 3283 vadit

326 3318 357 3365 le.
371 3311 412 3382 ΙΙῠ
430 3330 511 3381 qnam
523 3316 580 3366 ert:
599 3315 735 3379 quiquam
746 3314 783 3371 H,
797 3314 902 3376 quiqui
913 3311 971 3361 ΕΘ.
983 3307 996 3377 ll
1008 3314 1024 3361 6
1035 3311 1111 3361 linea
1123 3312 1172 3363 ΕΘ
1183 3313 1222 3377 (1),
1236 3314 1305 3364 linia
1317 3316 1345 3365 H
1357 3316 1443 3379 (Led).
1460 3317 1472 3384 ll

325 3414 403 3450 eam:
428 3399 474 3449 sni
491 3398 518 3448 Ε
535 3394 656 3465 (310).)18
675 3399 785 3450 tertiam
803 3398 833 3446 in
851 3396 911 3446 dies
930 3400 1058 3458 quartam
1077 3392 1125 3462 ΕΙ)
1143 3400 1228 3447 tercia
1239 3402 1354 3472 ..quarti
1373 3402 1403 3465 Θ,
1422 3408 1474 3451 ter-

324 3481 485 3549 tislqnartt
502 3484 531 3534 H
549 3483 640 3547 (tertii
650 3519 658 3535 .
668 3484 766 3548 quarti
782 3481 848 3539 hta,
868 3476 1123 3546 tertiamlquartem
1141 3497 1167 3542 c,
1189 3484 1272 3534 tertii
1283 3526 1289 3538 .
1301 3489 1398 3548 quarte
1415 3494 1474 3537 anre

323 3584 397 3621 corr.
412 3568 436 3626 d,
452 3565 511 3619 teri
522 3571 600 3633 parte
612 3566 642 3630 1).
658 3563 671 3633 ΙΙ
687 3566 731 3616 die
744 3565 786 3616 sol
798 3566 835 3615 sit
847 3564 927 3615 ΕΘΗ
938 3564 1021 3626 (Llelr,
1034 3567 1083 3615 sed
1092 3565 1121 3614 lr⁶
1131 3572 1192 3630 post
1209 3567 1254 3618 die
1266 3571 1327 3620 add.
1340 3586 1414 3621 cnm:
1434 3573 1474 3621 sol

325 3667 390 3703 cnm
402 3650 526 3717 altha).
536 3647 549 3717 ss
561 3654 577 3702 9
589 3652 656 3702 luna
667 3654 758 3701 autem
768 3676 799 3685 -
812 3648 984 3699 occidentem
993 3649 1055 3700 EG:
1069 3665 1115 3700 om.
1126 3651 1155 3699 H
1163 3649 1234 3717 (Llc)
1245 3652 1291 3714 (ad
1301 3655 1473 3706 occidentem

323 3736 413 3802 medil
422 3751 453 3786 as
466 3736 540 3786 caeli
550 3735 599 3799 H).
616 3733 629 3803 Ι)
646 3737 678 3786 10
689 3734 823 3784 diamidia
832 3733 864 3787 Ε.
881 3729 893 3798 1)
909 3734 999 3798 spatio
1008 3734 1125 3784 distaret
1135 3736 1404 3802 somniantum).
1417 3737 1428 3804 ΙΙ
1443 3742 1470 3789 11

323 3820 469 3872 dimidiam
490 3820 513 3869 Ε
519 3836 526 3870 t
545 3819 659 3870 dimidie
678 3820 728 3870 ΘΗ
747 3819 788 3882 (lc,
802 3818 933 3868 dimidiae
953 3818 997 3879 L).
1021 3814 1033 3884 )Ι
1057 3822 1088 3870 13
1106 3820 1207 3869 orienti
1225 3821 1265 3871 sol
1285 3826 1360 3871 trans
1378 3827 1473 3872 contra

322 3909 365 3957 sit
381 3921 429 3971 eqo
447 3901 493 3968 (ef.
508 3922 537 3970 p.
555 3908 614 3965 219,
633 3904 674 3968 7):
702 3903 817 3955 orientis
840 3902 882 3952 sol
904 3908 982 3953 trans
1007 3904 1040 3953 cir
1065 3902 1137 3967 (cum
1154 3906 1212 3967 hle)
1237 3906 1338 3954 transit
1357 3907 1384 3954 Η
1401 3905 1471 3969 (hle,

320 3991 375 4041 sed
387 3990 463 4054 prius
479 3994 558 4040 trans
576 3990 627 4043 det.
645 3986 708 4051 Μ),
732 3986 846 4037 orientis
864 3986 906 4036 sol
923 3987 957 4036 cir
976 3986 1077 4036 transit
1095 3987 1116 4037 Θ
1134 3984 1193 4049 (sed
1209 3990 1243 4037 cir
1263 3990 1289 4037 in
1307 4004 1361 4039 ras.
1377 4005 1428 4053 pro
1447 3997 1472 4039 tr

321 4075 451 4140 emmas·
467 4077 545 4124 nans
562 4080 590 4123 at
607 4072 660 4136 Η),
678 4072 794 4123 orienti.
805 4070 847 4122 sol
865 4071 967 4120 transit
985 4071 1017 4119 Ε.
1042 4066 1054 4136 ll
1079 4073 1109 4120 14
1128 4085 1181 4134 qno
1200 4071 1278 4124 ΕΘΗ
1296 4073 1338 4135 (L,
1357 4075 1430 4137 quod
1448 4092 1470 4131 r,

323 4165 362 4243 ta
380 4174 461 4240 uqa
477 4173 507 4240 ι).
531 4171 544 4240 ΙΙ
567 4174 641 4226 assu
664 4174 725 4224 sc:
753 4173 822 4223 arsit
843 4173 873 4221 l!
895 4170 975 4237 (arc).
1000 4169 1012 4238 Η
1036 4172 1134 4223 -x1111·
1153 4173 1211 4223 are:
1236 4176 1274 4223 se
1294 4174 1380 4225 sorr.
1404 4172 1416 4242 fl
1440 4180 1471 4225 ro

323 4260 470 4310 cotidiana
490 4259 521 4310 Ε.
542 4255 554 4326 Ι)
575 4262 606 4308 17
626 4272 720 4308 cursu:
738 4259 776 4307 sie
794 4257 879 4306 EGH.
896 4252 908 4322 ΙΙ
925 4257 956 4307 18
975 4260 1004 4305 et
1021 4258 1075 4308 ed:
1096 4255 1173 4306 &ram
1192 4255 1289 4319 (etiarn
1303 4259 1335 4321 Θ)
1354 4259 1440 4309 ΕΘΗ.
1464 4263 1467 4324 Ι

323 4343 445 4395 effecere
457 4352 518 4395 ante
526 4360 597 4395 corr.
609 4344 647 4393 Η.
661 4340 674 4409 ll
686 4345 716 4393 19
729 4341 897 4393 aristarchus
911 4337 1007 4405 (—cns
1016 4341 1053 4402 Ε)
1064 4342 1124 4391 EG:
1139 4341 1301 4407 arhistart(e
1310 4347 1379 4409 L)ns
1388 4346 1419 4394 H
1426 4346 1469 4409 (L,

323 4428 498 4479 aristhareus
507 4428 545 4487 rt,
556 4428 709 4477 aristarcus
718 4427 747 4491 l).
759 4424 771 4492 [1
783 4428 816 4476 20
825 4425 971 4476 varietatis
981 4433 1041 4474 aare
1051 4441 1120 4475 corr.
1132 4427 1166 4477 G:
1180 4430 1255 4477 —tes
1265 4428 1321 4477 ΕΗ
1329 4429 1442 4492 (Geato).
1456 4430 1459 4496 )

324 4528 356 4563 re
373 4512 488 4577 reliquit
500 4528 559 4579 effa:
579 4509 698 4575 reliquid
718 4510 770 4559 GH
780 4507 824 4574 (le,
844 4509 939 4574 -qnit
953 4508 1012 4571 bt),
1026 4525 1054 4558 re
1068 4509 1171 4574 aliquid
1184 4510 1217 4561 Ε.
1229 4508 1241 4577 Ι)
1253 4513 1284 4560 21
1297 4512 1379 4562 latet:
1398 4515 1470 4565 later

321 4601 355 4647 lr.
368 4594 381 4664 Ι)
391 4596 485 4648 lunam
497 4612 576 4648 sunm
589 4594 670 4645 ΕΘΗ
682 4590 747 4657 (non
759 4596 820 4645 add.
834 4595 900 4650 dac..
914 4596 962 4643 sed
972 4602 1032 4642 ante
1046 4592 1168 4656 habere).
1185 4592 1197 4660 ΙΙ
1213 4611 1292 4645 suurn
1304 4597 1394 4647 lumen
1408 4616 1468 4664 pro-

322 4700 412 4765 priam
431 4698 594 4763 habereris,
614 4684 692 4761 subm
710 4695 801 4746 lumen
819 4710 896 4745 suurn
912 4694 1050 4759 proprium
1069 4694 1098 4745 h.
1115 4697 1131 4745 l.
1154 4693 1166 4761 ΙΙ
1193 4699 1226 4746 22
1245 4699 1279 4748 ab
1299 4699 1389 4764 ΕΘΗ,
1412 4704 1468 4751 item

321 4800 351 4848 p.
369 4799 424 4849 seq.
444 4802 469 4834 υ.
487 4788 504 4833 5
522 4782 575 4847 (ubi
592 4798 609 4833 a
626 4779 674 4846 Ε),
693 4785 716 4839 7,
736 4783 768 4830 12
787 4778 840 4842 (ubi
858 4796 874 4829 a
892 4777 959 4841 ΕΘ),
978 4780 1027 4828 sed
1042 4797 1063 4829 υ.
1083 4782 1100 4829 8
1118 4796 1135 4829 a
1153 4780 1211 4831 sole
1228 4781 1315 4835 ΕΘΗ.

360 4881 477 4922 vrrsuv.
497 4885 532 4920 nr
551 4884 666 4919 sacam.
1227 4864 1266 4927 15
