3984 5825
516 676 559 743 54
1015 690 1172 739 vrruuvu

517 845 674 932 disceptio
698 847 801 928 cogit,
830 846 878 909 sic
901 846 961 910 erit
981 841 1181 909 faciundum.
1225 840 1328 907 solnm
1355 839 1564 903 substruatur
1582 836 1662 916 alte,

517 957 553 1013 ut
575 949 641 1012 sint
664 947 775 1012 intacti
799 946 842 1011 nb
865 946 983 1011 rudere
1012 955 1043 1011 et
1066 946 1265 1034 pavimento.
1309 941 1416 1008 obruti
1443 941 1532 1003 enim
1552 941 1589 1002 in
1608 939 1662 1001 his

518 1072 590 1114 cunr
613 1059 704 1132 sunt,
734 1057 897 1114 vetustate
925 1046 1063 1112 marcidi
1086 1048 1182 1129 finnt,
1211 1043 1330 1109 deinde
1357 1041 1567 1108 subsidentes
1588 1062 1663 1128 pro

518 1150 680 1216 clinuntur
702 1159 735 1215 et
757 1148 965 1238 disrumpunt
987 1150 1130 1238 speciem
1152 1148 1370 1215 tectoriorum.

485 1265 501 1313 t
606 1252 656 1316 lle
675 1250 852 1338 parietibus
874 1262 906 1318 et
928 1251 1139 1341 apparatione
1161 1249 1342 1336 generatim
1362 1247 1518 1311 materiae
1538 1266 1665 1322 emm,

518 1350 637 1440 quibus
653 1353 719 1417 sint
735 1350 911 1417 virtutibus
928 1363 960 1419 ct
976 1352 1065 1417 vitiis
1074 1400 1083 1433 ,
1107 1347 1377 1438 quemadmodum
1399 1348 1492 1436 potui
1512 1346 1667 1432 exposui,

518 1453 560 1517 de
582 1451 880 1540 contignationibus
908 1464 1018 1520 autern
1049 1462 1081 1519 et
1108 1454 1210 1540 copiis
1235 1473 1360 1533 earum,
1388 1448 1508 1537 quibus
1534 1468 1666 1533 eompa-

520 1562 632 1622 rcntur
646 1564 682 1622 ut
704 1555 747 1621 ml
771 1564 966 1621 vetustatem
989 1577 1055 1620 non
1078 1556 1144 1619 sint
1166 1552 1323 1635 infirmae,
1344 1552 1395 1616 nti
1416 1560 1534 1615 natura
1554 1571 1668 1613 mm

521 1668 680 1723 monstrnt
702 1656 884 1745 explicabo.

469 1768 506 1819 ΙΧ
604 1759 758 1826 Materies
788 1758 954 1827 caedenda
981 1769 1030 1824 est
1059 1781 1079 1823 a
1107 1759 1210 1846 primo
1238 1766 1392 1821 autumno
1413 1755 1457 1818 ad
1477 1753 1515 1818 id
1534 1764 1701 1840 tempusa

471 1872 497 1920 11
519 1859 606 1948 quod
632 1863 694 1927 crit
719 1871 893 1948 antequam
924 1860 1003 1926 flare
1034 1861 1170 1948 incipiat
1198 1857 1359 1924 favonius.
1388 1878 1467 1920 vere
1488 1857 1578 1920 enim
1597 1879 1668 1920 em-

520 1984 577 2027 ncs
609 1961 742 2028 arbores
774 1962 856 2027 liunt
882 1971 1098 2049 praegnantes
1135 1954 1166 2026 et
1196 1981 1308 2025 omnes
1343 1980 1419 2023 suae
1451 1958 1668 2044 proprietatis

520 2065 675 2130 virtutem
721 2063 857 2129 offerunt
905 2065 938 2128 in
982 2064 1132 2129 frondem
1179 2062 1484 2146 anniversariosque
1526 2059 1669 2122 finctus.

520 2186 592 2229 cunr
622 2186 699 2250 orgo
732 2164 845 2228 inanes
877 2173 908 2228 et
945 2166 1089 2230 tumidae
1117 2175 1298 2252 temporum
1325 2163 1521 2227 necessitate
1554 2182 1670 2223 eorum

471 2265 656 2347 afuerint,
685 2286 790 2329 vanae
815 2264 898 2334 fiunt
925 2276 957 2330 et
979 2267 1170 2350 raritatibus
1194 2262 1382 2346 inbecillae,
1404 2262 1454 2327 nti
1476 2263 1577 2326 etiam
1598 2282 1669 2323 enr-

520 2387 600 2452 pora
626 2365 799 2430 muliebria
821 2388 895 2430 oum
916 2371 1141 2464 conceperint,
1170 2365 1213 2432 ad
1235 2365 1321 2431 fetus
1343 2374 1472 2452 partum
1492 2386 1560 2428 non
1582 2362 1669 2426 indi-

521 2474 636 2530 cantur
655 2467 799 2551 integra,
822 2481 935 2553 neque·
950 2471 985 2532 in
1007 2469 1179 2534 venalibus
1203 2491 1240 2533 ea
1262 2489 1334 2532 cum
1357 2476 1432 2531 sunt
1453 2466 1671 2553 praegnantis

522 2576 727 2653 praestantur
742 2590 830 2650 sana,
853 2567 928 2634 ideo
944 2572 1030 2657 qnod
1046 2573 1080 2635 in
1096 2592 1229 2658 corpore
1244 2568 1493 2657 praeseminatio
1516 2587 1670 2631 crescens

521 2689 563 2730 ex
596 2667 745 2733 omnibus
768 2669 835 2733 eibi
857 2672 1076 2756 potestatibus
1099 2671 1241 2737 detrahit
1262 2668 1453 2735 alimentum
1485 2671 1521 2733 in
1548 2690 1602 2748 se,
1635 2676 1671 2729 et

470 2782 503 2828 ‘ru
521 2791 584 2855 quo
612 2768 735 2834 firmior
763 2771 905 2837 efficitur
932 2772 975 2836 ad
1003 2775 1223 2838 maturitatem
1251 2779 1380 2858 partus,
1410 2792 1447 2834 eo
1477 2771 1587 2833 minus
1609 2791 1670 2854 pa-

518 2871 600 2935 titur
615 2892 687 2937 esse
703 2871 844 2939 solidum
859 2874 894 2938 id
918 2895 960 2939 ex
982 2897 1045 2961 quo
1068 2877 1177 2963 ipsum
1199 2882 1397 2961 procreatur.
1441 2874 1554 2958 itaque
1576 2869 1669 2934 edito

521 2973 591 3037 fetu
602 2974 694 3060 quod
708 2977 798 3061 prius
815 2978 849 3040 in
871 2975 962 3040 aliud
984 2998 1088 3061 genus
1111 2976 1303 3039 incrementi
1325 2972 1570 3055 detrahebatur,
1594 2995 1670 3035 cum

520 3074 562 3138 ab
585 3074 808 3163 disparatione
830 3078 1065 3164 procreationis
1089 3086 1138 3141 est
1159 3076 1350 3159 liberatum,
1380 3075 1533 3142 inanibus
1557 3084 1590 3138 et
1611 3096 1669 3160 pa·

521 3176 666 3240 tentibus
695 3180 788 3242 venis
810 3181 846 3242 in
868 3200 902 3240 se
923 3179 1059 3264 recipit,
1084 3188 1115 3241 et
1137 3175 1311 3241 lambendo
1334 3198 1445 3242 sucum
1469 3177 1568 3241 etiam
1592 3173 1670 3240 soli-

472 3288 505 3333 25
524 3274 628 3339 descit
656 3285 688 3339 et
715 3275 802 3341 redit
830 3279 864 3339 in
886 3280 1060 3363 pristinam
1081 3287 1215 3342 naturae
1238 3278 1434 3342 firmitatem.
1480 3277 1595 3341 eadem
1617 3298 1670 3339 ra·
1688 3289 1705 3335 2

521 3377 608 3438 tione
640 3375 820 3440 autumnali
852 3386 999 3463 tempore
1036 3371 1223 3443 maturitate
1255 3379 1419 3444 fructuum
1451 3378 1671 3443 flaccescente

591 3594 604 3639 l
624 3591 757 3658 disseptio
769 3592 891 3664 H(Llc):
905 3598 1029 3662 deseptio
1044 3600 1073 3649 Ε.
1091 3595 1103 3664 Η
1120 3599 1278 3650 faciundum
1285 3601 1319 3649 Ἠ
1328 3600 1388 3665 (th
1402 3599 1561 3651 faciendum
1572 3602 1595 3652 G
1606 3598 1646 3665 (l).
1656 3599 1670 3661 {f

523 3673 580 3725 alte
599 3677 639 3725 ed.
659 3677 697 3729 ΡΙ.
717 3677 805 3741 (rec.):
829 3681 904 3730 aliae
922 3682 959 3745 H,
984 3681 1039 3747 aliq
1060 3683 1080 3732 Ε
1099 3682 1177 3745 (Llc).
1202 3679 1214 3748 ΙΙ
1237 3686 1252 3732 2
1272 3685 1328 3734 sint
1350 3685 1452 3734 intacti
1473 3685 1546 3735 dou:
1570 3686 1609 3735 sit
1626 3686 1671 3733 in-

523 3761 626 3807 tactum
646 3759 704 3810 ΕΗ.
725 3758 737 3827 Η
760 3763 852 3813 obruti
868 3765 938 3818 doe:
957 3769 1022 3813 —ta
1042 3766 1100 3814 ΕΗ.
1124 3761 1136 3830 ΙΙ
1156 3769 1171 3815 3
1191 3772 1255 3816 sunt
1274 3769 1324 3818 GH
1344 3766 1390 3829 (L,
1410 3768 1467 3818 sint
1485 3766 1528 3834 lc).
1557 3765 1570 3835 {l
1599 3785 1671 3819 mar-

523 3841 660 3895 ciuiles:
679 3844 750 3894 -da
764 3848 822 3897 ΕΗ.
845 3845 858 3913 ΙΙ
881 3848 1055 3898 subsidentes
1072 3849 1144 3905 dea:
1163 3850 1317 3900 -sidentia
1337 3851 1394 3901 GH.
1419 3848 1431 3917 ll
1454 3853 1671 3917 bappsrstione

522 3928 576 3979 ert:
601 3927 776 3992 apparitione
801 3931 860 3981 ΕΗ.
883 3928 896 3997 ΙΙ
919 3935 933 3981 7
953 3947 1046 3983 eorum
1064 3938 1124 3982 ante
1141 3948 1209 3984 corr.
1232 3934 1260 3984 Ε.
1283 3929 1295 3999 ΙΙ
1320 3941 1506 4000 conparentur
1529 3938 1561 3985 H
1583 3937 1670 4001 (Llc):

521 4015 651 4062 —rantur
671 4013 700 4063 Ε.
724 4009 736 4080 ΙΙ
763 4016 827 4064 8nt
843 4015 929 4064 Rode:
953 4015 979 4064 a
999 4016 1037 4079 (et
1057 4016 1088 4080 G)
1109 4015 1168 4071 ΕΗ.
1192 4012 1204 4081 ΙΙ
1228 4018 1284 4068 sint
1302 4019 1333 4066 H
1350 4016 1434 4082 (Llelr
1459 4023 1524 4070 sunt
1544 4021 1573 4071 Ε.
1600 4018 1613 4088 ss
1638 4025 1671 4071 12

521 4100 691 4162 praegnates
708 4105 768 4147 ante
785 4113 854 4148 corr.
875 4100 911 4147 H.
934 4095 946 4164 ΙΙ
970 4100 1002 4149 14
1021 4104 1049 4151 et
1072 4100 1193 4150 tumidae
1213 4100 1335 4165 („9oan'“
1355 4100 1439 4169 Gall:
1461 4109 1489 4155 et
1507 4105 1618 4156 umidae
1637 4107 1669 4169 Ε,

523 4178 654 4279 &bmide
677 4216 707 4263 Η
730 4215 875 4279 (humidae,
895 4217 972 4279 —de,
994 4217 1060 4283 —dp
1078 4216 1145 4280 Llc).
1170 4214 1183 4284 [l
1204 4219 1372 4269 necessitate
1392 4221 1449 4274 Joe.
1475 4217 1567 4289 (rec.):
1591 4227 1671 4274 —tss

523 4299 582 4348 GH.
603 4295 624 4363 lle
636 4299 667 4347 16
686 4298 813 4350 ad-fetus
831 4304 939 4365 partum
957 4302 1043 4360 Maru:
1062 4300 1097 4351 ad
1116 4301 1190 4367 fse(q
1210 4302 1238 4358 Ε,
1258 4318 1289 4352 oe
1310 4303 1480 4369 G⁶H⁶L1)tus
1499 4312 1600 4372 apertu
1619 4309 1673 4358 ΕΗ

523 4378 576 4444 (bl,
595 4382 705 4448 adfatus
724 4388 823 4448 aptus
845 4392 870 4435 et
892 4393 951 4435 ante
972 4402 1042 4436 corr.
1061 4381 1097 4450 b).
1121 4380 1132 4449 ll
1156 4386 1188 4433 18
1206 4398 1274 4434 sona
1292 4393 1351 4436 ante
1369 4403 1438 4439 corr.
1454 4390 1483 4439 Ε.
1504 4387 1517 4456 Η
1538 4392 1571 4440 22
1591 4392 1671 4442 foetu

523 4465 557 4523 Ε,
577 4466 654 4516 fastu
678 4468 708 4516 Η
725 4467 813 4532 (foetu
835 4469 931 4534 Hohl).
954 4466 966 4535 ΙΙ
991 4468 1063 4533 qnod
1085 4468 1174 4533 prins:
1201 4465 1311 4532 ,opulus
1334 4476 1393 4520 ante
1417 4470 1489 4536 (ips.)
1508 4489 1578 4524 corr.
1604 4476 1633 4526 Ε.
1656 4472 1668 4538 ll

521 4550 554 4597 23
574 4548 608 4598 ab
624 4549 813 4615 disparatione
825 4554 916 4605 Peru:
936 4552 971 4603 ad
988 4552 1174 4617 disperatione
1185 4551 1215 4598 H
1226 4549 1252 4611 (l,
1267 4550 1497 4617 addesparatione
1513 4558 1535 4608 Ε
1551 4553 1640 4622 (Led).
1657 4557 1668 4623 ll

521 4630 554 4677 24
572 4632 672 4697 recipit
693 4638 720 4683 et
741 4637 795 4712 eus
822 4635 940 4698 recipiet
963 4636 997 4698 Ε,
1021 4635 1158 4699 recipient
1180 4633 1208 4681 H
1232 4633 1273 4695 (le,
1292 4637 1431 4700 recipiunt
1452 4639 1496 4703 L).
1524 4637 1537 4707 Ι]
1568 4642 1669 4691 etiam:

520 4713 559 4761 aie
578 4712 637 4766 GH.
