3984 5825
712 655 758 701 DE
782 654 1050 704 ARCHITECTURA
1073 657 1142 703 ΜΒ.
1167 658 1199 704 V.

673 946 881 1022 LIBER
921 945 1246 1038 QUINTUS.

363 1167 369 1216 t
474 1147 542 1230 Qui
569 1149 781 1236 amplioribus
809 1148 1047 1230 voluminibus,
1076 1151 1267 1237 imperator,
1296 1149 1421 1236 ingenii
1444 1152 1530 1238 cogi-

385 1253 527 1318 tationes
562 1260 799 1339 praeceptaque
832 1250 1097 1338 explicaverunt,
1131 1253 1291 1316 maximas
1322 1262 1354 1317 et
1383 1255 1557 1339 egregias¹

385 1353 577 1419 adiecerunt
592 1353 660 1416 suis
677 1353 808 1437 scriptis
823 1353 1043 1417 auctoritates.
1077 1353 1164 1440 quod
1179 1353 1278 1417 etiam
1293 1352 1347 1417 vel
1362 1354 1397 1416 in
1411 1357 1531 1420 nostris

386 1476 517 1542 quoqne
539 1453 657 1517 studiis
679 1475 731 1516 res
754 1463 935 1540 pateretur,
964 1464 1001 1517 ut
1022 1454 1330 1542 amplificationibus
1352 1459 1530 1523 auctoritas
1550 1477 1565 1522 5

386 1567 420 1621 et
442 1558 478 1620 in
499 1555 550 1618 his
573 1557 755 1640 praeceptis
779 1565 964 1640 augeretur,
988 1555 1046 1619 sed
1062 1556 1098 1620 id
1112 1579 1178 1619 non
1193 1567 1242 1622 est
1257 1556 1532 1644 quemadmodum

385 1667 521 1745 putatur
543 1657 743 1743 expeditum.
787 1679 852 1721 non
880 1658 965 1720 cuim
993 1657 1035 1720 de
1063 1657 1280 1722 architectura
1307 1661 1354 1722 sic
1376 1659 1532 1724 scribitur

384 1761 436 1825 uti
464 1759 600 1823 historia
628 1768 684 1821 aut
713 1768 872 1845 poemata.
916 1758 1072 1823 historiae
1099 1780 1158 1844 per
1186 1780 1221 1822 se
1248 1768 1360 1824 tenent
1381 1759 1530 1826 lectores.

385 1860 508 1926 habent
536 1861 622 1924 enim
644 1882 802 1923 novarum
830 1881 939 1923 rerum
967 1862 1074 1923 varias
1103 1861 1357 1947 expectationes.
1401 1884 1529 1949 poema·

385 1973 494 2029 torum
520 1984 598 2025 vero
626 1971 729 2025 metra
757 1970 788 2024 et
815 1961 915 2047 pedes
942 1984 980 2024 ac
1009 1960 1181 2025 verborum
1205 1961 1334 2047 elegans
1358 1963 1530 2050 dispositio
1550 1984 1581 2032 10

387 2075 419 2129 et
439 2063 673 2128 sententiarum
695 2064 781 2126 inter
802 2084 955 2150 personas
978 2064 1150 2127 distinctas
1171 2062 1215 2125 ad
1236 2084 1367 2129 versum
1389 2087 1530 2152 pronun·
1584 2152 1587 2157 ἱ

387 2166 479 2232 tiatio
502 2163 712 2253 prolectando
734 2185 850 2228 sensus
873 2163 1052 2250 legentium
1073 2163 1224 2251 perducit
1251 2166 1321 2229 sine
1343 2167 1466 2231 offensa
1487 2168 1531 2231 ad
1559 2248 1562 2254 Ι

363 2281 376 2355 t
387 2288 546 2333 summam
561 2268 756 2353 scriptorum
771 2266 1043 2330 terminationem.
1072 2268 1107 2332 id
1121 2276 1230 2331 autem
1245 2269 1279 2330 in
1293 2267 1530 2334 architecturae
1550 2261 1561 2271 ⁵

387 2367 682 2454 conscriptionibus
715 2390 780 2431 non
813 2376 921 2454 potest
953 2366 1041 2450 fieri,
1076 2368 1164 2454 quod
1193 2368 1351 2433 vocabula
1380 2392 1422 2434 ex
1449 2355 1528 2435 artis

386 2472 517 2560 propria
538 2471 733 2534 necessitate
755 2479 911 2554 concepta
930 2471 1119 2536 inconsueto
1134 2492 1282 2535 sermone
1297 2471 1443 2537 obiciunt
1458 2495 1529 2537 sen·
1550 2492 1580 2541 15

365 2574 476 2639 'sibus
493 2573 734 2638 obscuritatem.
772 2592 845 2634 cum
868 2592 944 2656 ergo
967 2593 1005 2634 ea
1027 2595 1086 2660 per
1107 2594 1142 2636 se
1165 2596 1229 2637 non
1250 2574 1315 2638 sint
1336 2583 1449 2661 aperta
1470 2596 1530 2637 nec

383 2683 518 2764 pateant
541 2695 651 2738 eorum
673 2675 708 2737 in
730 2671 965 2738 consuetudine
980 2676 1121 2757 nomina,
1145 2685 1215 2739 tum
1230 2675 1328 2738 etiam
1343 2686 1529 2762 praecepto-

382 2799 459 2842 rum
481 2775 547 2839 late
569 2785 727 2859 vagantes
750 2776 941 2861 scripturae,
965 2777 993 2838 si
1017 2798 1082 2840 non
1105 2776 1339 2840 contrahantur
1362 2787 1394 2841 et
1415 2778 1528 2864 paucis

382 2891 416 2945 ct
439 2876 616 2966 perlucidis
645 2878 814 2942 sententiis
844 2875 1064 2964 explicentur,
1094 2876 1278 2963 frequentia
1304 2878 1528 2945 multitudine-

381 3004 448 3069 que
471 2980 627 3044 sermonis
650 2979 837 3066 inpediente
865 2980 1004 3041 incertas
1032 2977 1210 3062 legentium
1239 2978 1380 3043 efficient
1407 2981 1528 3065 cogita·
1547 2999 1580 3046 20

380 3086 500 3150 tiones
545 3083 656 3167 itaque
678 3069 820 3146 occultas
843 3080 1078 3145 nominationes
1101 3101 1367 3165 commensusque
1390 3102 1408 3143 e
1428 3102 1528 3143 mem-

382 3186 452 3250 bris
481 3205 616 3271 operum
642 3184 872 3269 pronuntians,
902 3193 938 3246 ut
966 3183 1139 3245 memoriae
1167 3181 1354 3263 tradantur,
1383 3181 1529 3246 breviter

382 3308 557 3374 exponam.
602 3287 650 3349 sic
672 3286 759 3349 enim
781 3282 967 3371 expeditius
991 3306 1029 3347 ea
1051 3285 1196 3372 recipere
1217 3293 1370 3371 poterunt
1391 3293 1526 3349 mentes.

364 3412 450 3454 ¹non
477 3389 585 3451 minus
613 3408 686 3449 cum
714 3384 1018 3475 animadvertissem
1052 3386 1228 3451 distentam
1261 3386 1527 3474 occupationibus

383 3491 554 3557 civitatem
576 3487 715 3576 publicis
739 3496 771 3550 et
792 3486 930 3573 privatis
952 3488 1111 3572 negotiis,
1140 3488 1253 3575 paucis
1281 3488 1426 3553 iudicavi
1449 3489 1527 3553 scri·
1546 3508 1578 3557 25

382 3590 545 3672 bendum,
578 3591 627 3653 uti
648 3597 787 3673 angusto
815 3589 920 3675 spatio
948 3589 1121 3654 vacuitatis
1151 3612 1188 3654 ea
1215 3588 1360 3675 legentes
1382 3588 1528 3655 breviter

381 3695 550 3781 percipere
570 3700 712 3778 possent.
732 3680 737 3687 ⁵

451 4001 572 4053 Vitruvii
589 3999 661 4049 liber
679 4002 794 4063 quartus
812 3997 934 4062 explicit.
952 3998 1054 4064 incipit
1070 4000 1139 4050 liber
1157 4000 1269 4065 quintus
1288 4000 1315 4049 H
1333 3998 1376 4062 (L,
1396 4015 1441 4049 om.
1462 4015 1525 4049 nom.

383 4122 407 4169 c,
424 4107 481 4155 atae
499 4105 537 4155 tit.
556 4101 591 4165 Ιι),
611 4101 724 4152 vitruvii
742 4099 828 4167 explic
852 4084 890 4149 lib
910 4105 1041 4165 quartus.
1055 4101 1153 4167 incipit
1172 4102 1291 4166 quintus.
1311 4100 1340 4153 G.

452 4206 468 4254 9
489 4208 678 4269 poematorum
699 4217 765 4252 vero
793 4203 943 4272 carminum
970 4207 1058 4252 metra
1087 4203 1137 4252 GH
1165 4201 1283 4266 (cloacam
1305 4201 1380 4252 eiecit
1405 4198 1492 4265 Lon).
1513 4199 1548 4272 ll,

385 4293 414 4340 11
433 4289 581 4339 distinctas
601 4287 636 4337 ad
653 4302 762 4338 versum
780 4302 838 4351 apo:
858 4286 1006 4337 distinctas
1024 4302 1150 4338 versuum
1170 4287 1228 4339 GH.
1255 4282 1267 4351 [l
1297 4288 1328 4335 12
1345 4285 1526 4350 proiectando

383 4382 442 4425 ante
460 4390 529 4425 corr.
551 4373 580 4422 G.
601 4368 613 4437 ΙΙ
637 4373 667 4421 16
691 4370 758 4421 Cum
782 4386 847 4436 ergo
871 4387 904 4421 ea
922 4373 951 4420 H
970 4370 1056 4435 (Llclz
1087 4370 1154 4421 Cum
1178 4386 1211 4420 ea
1230 4385 1294 4435 ergo
1318 4370 1346 4419 (ι’.
1374 4364 1386 4434 ΙΙ
1415 4370 1446 4420 18
1469 4369 1525 4419 late

384 4463 519 4523 vagantes
534 4457 556 4506 G
569 4455 638 4522 (Ll):
657 4455 716 4505 lata
734 4458 885 4521 evagantes
904 4455 964 4520 (pro
983 4455 1059 4505 latae
1077 4458 1094 4504 i.
1113 4455 1169 4520 late
1181 4452 1220 4518 v.)
1239 4453 1267 4501 H
1279 4451 1347 4520 (lete
1365 4470 1428 4520 vag.
1442 4452 1493 4516 ch).
1509 4452 1523 4525 lt
1550 4498 1551 4504 ,

385 4556 438 4592 nou
458 4541 658 4602 contrahantur
674 4544 729 4591 cd:
748 4556 802 4591 non
822 4541 1015 4590 contrahentur
1035 4539 1087 4588 GH
1103 4537 1145 4601 (L,
1165 4553 1219 4587 non
1237 4537 1382 4588 trahentur
1400 4534 1473 4605 10).ss
1493 4540 1524 4588 19

386 4626 572 4692 explicentur:
599 4626 637 4675 ric
656 4625 706 4675 GH
729 4622 913 4690 (explicentur
935 4626 957 4673 lc
976 4620 1030 4687 [v]).
1054 4620 1066 4688 ΙΙ
1089 4624 1122 4672 24
1146 4622 1180 4672 eu
1200 4623 1221 4672 6
1239 4621 1300 4686 (h⁶):
1326 4637 1387 4672 eum
1405 4623 1435 4673 H
1456 4621 1481 4687 (c
1500 4629 1525 4673 et

386 4716 444 4761 cate
462 4725 531 4761 corr.
550 4707 586 4770 h).
