3984 5825
668 670 715 716 nn
738 669 1006 719 sucurrucreas
1028 672 1097 719 nm.
1122 673 1144 720 1.
1457 660 1477 720 9

335 845 423 887 mum
439 821 545 887 laudis
561 822 788 908 principatum.
833 845 911 908 ergo
927 825 955 887 si
972 826 1005 887 in
1022 825 1159 911 singuiis
1176 827 1332 891 doctrinis
1355 827 1477 912 singuli

333 924 474 989 artifices
503 946 607 1009 neque
634 946 745 988 omnes
773 924 831 988 sed
857 927 952 1011 pauci
980 948 1061 991 aevo
1090 937 1245 1014 perpetuo
1273 928 1477 993 nobilitatem

334 1027 394 1090 vix
423 1036 498 1090 sunt
526 1027 709 1109 consecuti,
737 1027 1009 1114 quemadmodum
1037 1037 1144 1114 potest
1179 1029 1391 1113 architectus,
1417 1034 1478 1117 qui

317 1128 484 1215 pluribus
511 1127 637 1192 artibus
665 1128 763 1193 debet
790 1151 862 1193 esse
889 1130 1031 1216 peritus,
1065 1153 1131 1194 nou
1158 1131 1191 1193 id
1222 1132 1329 1218 ipsum
1357 1133 1474 1196 mirum

335 1240 368 1294 et
394 1252 547 1314 magnum
576 1230 685 1295 facero
714 1253 755 1293 ne
783 1231 862 1317 quid
891 1253 933 1294 cx
960 1231 1012 1296 his
1040 1231 1203 1316 indigeat,
1238 1232 1296 1297 scd
1323 1234 1421 1298 ctiam
1443 1243 1511 1298 uto

335 1354 446 1395 omues
472 1332 613 1396 artifices
644 1341 775 1419 superet
809 1334 864 1420 qui
892 1329 1030 1417 singuiis
1060 1332 1218 1397 doctrinis
1246 1333 1478 1399 adsiduitatem

283 1448 315 1494 15
334 1456 408 1498 cum
428 1433 591 1498 industria
612 1457 738 1499 summa
759 1436 1001 1520 praestiterunt.
1045 1437 1146 1519 igitur
1161 1435 1195 1499 in
1210 1435 1271 1500 hac
1285 1458 1320 1499 re
1336 1437 1479 1523 Pytheos

298 1570 306 1580 -
334 1556 460 1601 errasse
482 1536 613 1600 videtur
635 1536 722 1622 quod
744 1558 808 1599 non
830 1536 1062 1601 animadvertit
1082 1560 1123 1600 ex
1146 1535 1272 1602 duabus
1295 1537 1392 1602 rebus
1415 1540 1478 1601 sin·

334 1635 427 1723 gulas
449 1647 536 1702 artes
560 1659 632 1702 csse
655 1638 866 1725 compositas,
890 1660 932 1701 ex
954 1660 1052 1726 opere
1074 1649 1107 1725 et
1129 1639 1197 1703 eius
1221 1639 1477 1704 ratiocinatione.

335 1762 377 1802 ex
400 1739 450 1802 his
472 1748 580 1804 autem
608 1762 708 1804 unum
737 1741 904 1827 proprium
932 1749 982 1805 ost
1010 1763 1119 1804 eorum
1142 1743 1197 1826 qui
1220 1740 1357 1825 singuiis
1380 1742 1530 1811 robusto

335 1851 410 1906 sunt
432 1843 614 1922 exercitati,
637 1842 671 1905 id
695 1851 744 1905 est
766 1843 872 1927 operis
895 1842 1040 1924 effectus,
1063 1841 1201 1906 alterum
1216 1864 1385 1906 commune
1407 1865 1478 1907 cum

336 1943 484 2008 omuibus
508 1943 622 2024 doctis,
646 1943 681 2006 id
704 1952 753 2005 cst
774 1944 989 2026 ratiocinatio,
1013 1944 1062 2007 uti
1082 1944 1218 2007 medicis
1234 1953 1266 2007 et
1280 1943 1413 2007 musicis
1430 1952 1480 2008 est

335 2045 376 2108 dc
398 2066 553 2108 venarum
576 2044 706 2131 rythmo
729 2054 761 2109 et
783 2044 826 2108 ad
848 2046 948 2131 pedes
976 2054 1081 2126 motu,
1109 2054 1142 2109 at
1165 2046 1192 2110 si
1215 2044 1334 2109 vuinus
1358 2045 1478 2108 mederi

334 2155 390 2210 aut
412 2168 545 2232 aegrum
568 2148 694 2232 eripere
717 2147 757 2210 dc
779 2145 923 2233 periculo
946 2148 1140 2232 oportuerit,
1169 2169 1234 2212 non
1255 2146 1389 2211 accedet
1411 2169 1478 2211 mu·

335 2249 438 2332 sicus,
472 2248 529 2311 sed
558 2247 592 2310 id
619 2270 701 2333 opus
729 2249 896 2334 proprium
924 2249 986 2311 crit
1015 2248 1144 2312 medici.
1190 2251 1268 2312 item
1297 2250 1330 2311 in
1359 2270 1479 2332 organo
1500 2271 1530 2319 15

335 2372 399 2414 uon
421 2349 566 2413 medicus
594 2350 652 2413 sed
680 2352 821 2414 musicus
850 2349 1087 2432 modulabitur,
1109 2359 1154 2414 ut
1168 2339 1269 2414 'aures
1292 2372 1382 2414 suam
1405 2371 1479 2413 cau-

288 2462 318 2509 16
337 2451 480 2516 tionibus
508 2451 668 2538 recipiant
697 2453 941 2516 iucunditatem.
986 2451 1136 2515 similiter
1157 2474 1230 2516 cum
1252 2451 1424 2536 astrologis
1448 2462 1480 2516 et

335 2554 466 2617 musicis
497 2563 546 2617 cst
573 2554 750 2639 disputatio
779 2555 957 2618 communis
987 2551 1029 2616 dc
1051 2552 1238 2641 sympathia
1260 2551 1425 2616 stellarum
1449 2562 1480 2617 et

335 2654 601 2739 symphoniarum
617 2656 651 2718 in
667 2656 833 2741 quadratis
850 2665 882 2719 ct
895 2656 1033 2740 trigonis
1049 2654 1252 2719 diatessaron
1267 2664 1299 2719 ct
1314 2654 1479 2741 diapente,

335 2765 368 2819 ct
395 2758 569 2839 geometris
598 2756 638 2820 dc
667 2759 741 2821 visu
769 2759 824 2843 qui
852 2779 969 2841 graece
998 2759 1097 2838 λογος
1124 2777 1259 2832 cuatuor
1285 2754 1478 2843 appellatur,
1497 2780 1530 2828 «ιο

404 3033 415 3079 1
436 3030 531 3080 laudes
549 3038 608 3081 ante
621 3047 689 3081 corr.
709 2994 747 3096 (d)
772 3031 807 3083 11.
820 3027 832 3096 ΙΙ
844 3031 883 3081 in:
908 2996 938 3098 ih
956 3047 978 3082 r.
1003 3026 1014 3094 ΙΙ
1041 3029 1182 3080 iustibus
1200 3038 1258 3080 riute
1277 3047 1345 3080 corr.
1365 3048 1412 3080 one.
1432 3033 1448 3079 1.
1463 3028 1475 3097 ii

335 3118 399 3165 5ut
417 3132 455 3165 om
470 3132 497 3179 p.
521 3111 533 3180 ΙΙ
560 3118 576 3164 6
599 3114 710 3181 superis.
737 3115 783 3181 qui
802 3116 830 3164 H
856 3112 919 3177 (eune
941 3114 1017 3179 cet.):
1041 3113 1144 3180 super&
1162 3114 1184 3165 c
1203 3114 1249 3179 qui
1273 3115 1302 3164 G.
1324 3111 1336 3181 ii
1358 3114 1477 3177 Pytheos

335 3214 394 3264 epo:
414 3199 526 3264 pythius
546 3200 596 3248 GH
615 3200 768 3264 (thihech,
787 3199 890 3265 pithius
908 3207 968 3250 aute
985 3215 1054 3250 corr.
1073 3198 1109 3264 o).
1132 3194 1145 3266 11
1175 3201 1206 3251 10
1225 3201 1268 3248 ost
1285 3214 1344 3261 epo:
1369 3214 1429 3248 csse
1449 3200 1478 3249 11

335 3284 435 3347 (LPb),
457 3287 485 3332 ie
508 3285 529 3332 (ι’
549 3282 638 3348 (picit).
662 3280 673 3349 il
698 3287 726 3334 ll
755 3284 782 3333 id
804 3287 857 3334 cst:
884 3283 943 3334 crde
964 3282 1023 3348 (pro
1050 3283 1094 3333 lde
1117 3283 1160 3348 ab)
1193 3291 1251 3333 ante
1274 3299 1327 3334 ras.
1354 3301 1376 3333 r.
1402 3272 1415 3349 ss
1444 3286 1474 3334 12

335 3386 510 3435 ratiocinatio
528 3386 567 3437 ed.
587 3382 677 3448 (νεώς
697 3386 803 3436 ratione
819 3387 869 3436 Gli
882 3384 1005 3449 (apisci,
1025 3386 1131 3435 ratione
1142 3383 1182 3449 p).
1194 3380 1206 3450 ΙΙ
1218 3375 1337 3435 medicis
1354 3382 1377 3433 ir
1395 3400 1475 3435 musr-

335 3472 416 3536 oiisc
440 3483 467 3547 (i.
491 3501 514 3535 s.
537 3485 612 3535 —cis
630 3484 684 3549 οῦ),
712 3486 810 3536 modici
828 3484 850 3536 ir
869 3500 966 3536 musici
988 3485 1005 3534 it
1029 3485 1068 3549 (i).
1096 3481 1109 3551 il
1137 3489 1178 3535 est
1200 3501 1259 3551 epo:
1284 3485 1384 3535 &GH.
1408 3482 1420 3552 l}
1445 3490 1476 3538 13

334 3568 440 3635 rythmo
458 3571 497 3619 eci.
520 3571 598 3622 Vera:
623 3570 734 3635 pythrno
759 3571 809 3621 GH
832 3570 951 3635 (Ppidcv',
969 3570 1073 3635 pithmo
1091 3577 1151 3620 ante
1173 3586 1242 3624 corr.
1260 3586 1282 3629 c,
1302 3570 1424 3635 pythimo
1444 3574 1474 3627 h.

333 3653 448 3717 pythino
471 3652 512 3717 ir),
543 3670 578 3704 ear
600 3654 740 3719 archetypo
762 3656 804 3705 ubi
826 3656 851 3706 in
872 3656 1003 3719 scriptura
1025 3656 1179 3706 semiunciaii
1203 3670 1271 3707 saec.
1300 3654 1340 3704 VI
1358 3657 1397 3704 oei
1418 3656 1457 3705 Vl
1463 3656 1476 3705 I

333 3755 393 3786 r:
402 3755 435 3801 p,
454 3745 481 3813 ut
512 3740 537 3787 in
558 3738 621 3788 Gaio
648 3746 673 3788 et
699 3741 724 3787 in
743 3740 882 3790 Prudentis
903 3739 1065 3790 Florentinis.
1088 3736 1099 3805 ii
1123 3737 1157 3789 ad
1186 3738 1269 3803 pedes
1297 3737 1342 3800 (sc.
1370 3742 1476 3790 musicos

334 3824 373 3871 oei
389 3824 513 3885 metricos,
533 3824 566 3888 cs.
587 3824 654 3871 Piiu.
674 3827 715 3881 29,
736 3826 759 3872 6.
780 3827 820 3881 11,
839 3825 899 3885 219)
917 3825 956 3873 oei
973 3823 1008 3873 sd
1028 3822 1126 3888 pedem
1146 3828 1220 3873 motu
1243 3839 1302 3886 eye:
1327 3822 1361 3872 ad
1380 3822 1475 3887 podem

334 3905 440 3971 (pedem
460 3907 518 3967 IIP,
537 3906 603 3969 pede
622 3906 730 3970 Lpibeit)
751 3911 840 3958 motus
858 3908 894 3969 H,
918 3906 953 3957 ad
980 3906 1052 3972 pedii
1071 3909 1161 3956 motus
1187 3902 1282 3972 diist
1300 3908 1339 3959 ed.
1360 3907 1414 3956 st:
1445 3911 1475 3955 ut

335 3991 392 4040 GH.
415 3986 427 4056 ΙΙ
452 3993 482 4040 15
505 3989 532 4038 id
551 3992 576 4039 in
594 4007 647 4040 ras.
665 3994 682 4053 i,
701 4008 719 4041 u
739 4007 789 4056 pro
808 3990 837 4041 id
855 3998 914 4041 anie
931 3992 980 4055 ips.
1004 4006 1073 4049 corr.
1093 3991 1125 4045 L.
1149 3986 1161 4056 ΙΙ
1185 3992 1216 4040 16
1240 3990 1395 4040 medebitur
1413 3991 1444 4041 L.
1459 3989 1472 4053 ii

334 4089 410 4123 suam
428 4076 468 4125 ed.
492 4076 570 4124 Vera:
589 4089 654 4124 suae
673 4075 709 4134 11,
728 4091 776 4142 sue
796 4073 983 4140 carperem.
1007 4070 1019 4141 ii
1044 4074 1075 4126 18
1093 4075 1250 4141 symphatis
1267 4092 1293 4138 p.
1307 4070 1318 4139 ΙΙ
1336 4073 1472 4123 stillarum

332 4167 395 4208 avite·
409 4175 480 4209 corr.
499 4159 534 4207 H.
556 4155 567 4224 ii
592 4132 622 4209 io
641 4159 757 4224 trigonis
771 4160 792 4210 G
805 4159 890 4224 (LP):
909 4159 1026 4210 tricionis
1045 4160 1074 4209 11
1084 4157 1192 4223 (Proca).
1205 4155 1217 4225 li
1229 4159 1399 4209 diatesseron
1420 4158 1448 4207 G.
1461 4153 1473 4222 ii

332 4245 365 4292 ‘20
376 4246 404 4292 et
413 4240 461 4305 (u)
472 4243 596 4305 epo(cum
606 4245 646 4293 ed.
658 4242 746 4306 Ven.):
760 4261 776 4294 a
788 4244 846 4294 (111.
859 4240 871 4310 ΙΙ
883 4245 1055 4309 geometricis
1065 4244 1104 4293 eir.
1117 4239 1128 4310 ΙΙ
1140 4244 1173 4293 de
1184 4244 1244 4292 visu
1254 4243 1294 4291 ed,
1307 4241 1358 4294 Fi:
1370 4240 1473 4291 divisus

334 4327 392 4379 GH.
406 4324 417 4393 ΙΙ
431 4328 508 4391 logos
519 4329 625 4390 opticos
637 4328 696 4379 GH.
710 4325 721 4393 ΙΙ
734 4327 892 4394 appellatur
903 4329 936 4379 G:
948 4325 1096 4394 appellati.
1112 4326 1116 4391 Ι
1133 4329 1161 4376 11
1171 4325 1225 4392 (qui
1232 4327 1303 4389 siquo
1316 4322 1326 4356 ⁹
1339 4328 1474 4390 quadruos:

331 4414 432 4461 sacculo
444 4413 560 4476 sequenti
571 4414 620 4462 soii
635 4420 782 4462 reseraretur
793 4415 1043 4476 terruinationi—ur,
1063 4429 1093 4462 eo
1103 4412 1245 4476 promiscue
1255 4412 1335 4459 alitur
1346 4425 1396 4472 pro
1408 4425 1474 4458 —ur

332 4503 442 4557 et-us,
464 4498 639 4547 etiam—unt.
669 4498 727 4546 iude
747 4497 901 4563 appellatus
920 4514 1011 4547 errore
1029 4497 1102 4561 Ppbl,
1120 4497 1168 4544 sed
1185 4490 1304 4559 apellut²
1319 4500 1387 4542 reete
1409 4494 1473 4543 Lei

334 4578 489 4644 appellant²
515 4598 540 4638 r,
568 4583 632 4631 idem
655 4588 736 4630 taurea
758 4584 785 4630 ia
806 4599 884 4646 mary.
913 4581 1084 4647 appellatus,
1107 4579 1173 4628 ande
1195 4577 1210 4626 ir
1234 4579 1320 4628 eadem
1342 4585 1472 4646 stratuque

332 4730 405 4764 manu
423 4720 610 4781 opponenssic
627 4718 716 4767 habet:
736 4662 896 4782 abdiiiiiii).
