3984 5825
497 653 544 701 nn
568 653 729 701 nivarius
755 649 912 700 minuere
936 651 1274 702 anemmerouronn.
1397 641 1458 704 291

310 806 392 870 item
422 805 457 868 in
480 804 593 872 eodem
622 806 692 871 loco
715 806 743 869 si
766 803 872 869 focum
896 804 1013 869 feceris
1037 815 1069 870 et
1091 816 1248 893 vaporata
1269 817 1355 872 terra
1377 812 1459 874 umi-

312 906 393 969 dum
407 906 665 994 nebulosumque
687 907 812 971 faunum
828 906 1047 989 suscitaverit,
1064 908 1206 972 ostendit
1222 907 1327 974 locum
1342 932 1460 996 aquarn

313 1006 445 1071 habere.
491 1031 563 1074 cum
593 1009 673 1072 haec
695 1008 741 1071 ita
764 1007 885 1071 fuerint
907 1016 1037 1094 roperta
1059 1012 1155 1074 cortis
1179 1012 1299 1095 signis,
1329 1013 1363 1076 in
1386 1012 1459 1077 alti·

311 1107 460 1172 tudinem
489 1111 579 1196 putei
602 1109 793 1174 defodiendi
815 1118 909 1172 enmt
932 1131 1099 1196 quousque
1123 1120 1220 1198 eaput
1242 1135 1345 1199 aquae
1368 1115 1457 1178 inve-

274 1211 423 1275 5niatur
455 1221 513 1276 aut
541 1212 570 1275 si
597 1211 691 1299 plura
725 1210 848 1274 fuerint
875 1210 909 1273 in
936 1233 1036 1274 unum
1068 1211 1273 1297 colligantur.
1317 1217 1459 1279 maxime

313 1320 424 1375 tamen
447 1311 509 1376 sub
531 1312 699 1377 radicibus
721 1312 881 1376 montium
903 1312 938 1375 in
953 1313 1088 1398 regione
1104 1316 1350 1400 septentrionali
1365 1318 1460 1402 signa

313 1434 418 1498 aquae
441 1423 518 1478 sunt
540 1412 735 1501 quaerenda.
773 1414 807 1476 in
829 1413 880 1477 his
904 1414 990 1477 enim
1013 1413 1093 1480 locis
1117 1438 1234 1481 suaves
1258 1427 1290 1481 et
1313 1418 1458 1485 salubres

314 1524 347 1578 et
376 1514 630 1581 abundantiores
659 1514 886 1598 inveniuntur,
916 1516 1068 1601 quoniam
1096 1525 1232 1582 naturae
1260 1519 1459 1584 beneficioa

313 1614 391 1679 solis
429 1637 527 1680 cursu
566 1624 758 1702 separantur
791 1625 823 1680 et
858 1615 1011 1680 arborum
1047 1626 1104 1682 aut
1139 1621 1297 1685 montium
1333 1621 1459 1686 umbris

260 1717 444 1784 revelatae
485 1716 607 1803 frigida
643 1718 750 1802 gratia
788 1725 928 1799 aestate,
970 1717 1107 1783 hiberno
1145 1720 1257 1807 tepida
1295 1724 1459 1788 suavitate

312 1818 486 1906 profluent.

400 1921 439 1984 In
462 1930 632 2006 puteorum
656 1932 763 1986 autem
785 1919 984 1985 fossionibus
1009 1920 1183 2006 diligenter
1206 1934 1255 1989 est
1277 1926 1460 1990 cavendum
1475 1932 1513 2022 ¹¹V·
1529 1932 1558 1972 ⁰⁰

1485 1998 1557 2024 eorum
1568 1947 1610 2025 llos*

312 2043 356 2085 ne
377 2020 579 2086 fodientibus
603 2023 783 2109 periculum
806 2022 873 2104 fiat,
898 2022 1050 2107 quoniam
1073 2045 1114 2087 ex
1136 2033 1224 2088 terra
1240 2027 1376 2114 sulphur
1391 2028 1458 2093 alu-
1474 2036 1611 2127 :pyppffipsd

313 2145 389 2186 men
417 2132 449 2187 et
477 2124 623 2188 bitumen
651 2125 813 2204 nascitur,
844 2144 925 2209 quae
952 2145 1005 2188 res
1034 2147 1106 2188 cum
1133 2126 1166 2189 in
1190 2149 1225 2190 se
1248 2131 1460 2194 convenerint
1478 2116 1593 2221 Vppgp

262 2243 295 2293 le
313 2225 488 2312 pestiferos
512 2226 646 2311 spiritus
670 2227 833 2290 emittunt.
871 2233 903 2288 et
918 2226 1023 2311 primo
1046 2228 1210 2315 occupatis
1226 2231 1359 2296 naribus
1376 2240 1460 2296 tetro
1475 2224 1535 2273 ¹¹'²'''·
1549 2227 1567 2270 θ’
1583 2226 1610 2273 ‘l'

312 2326 415 2391 odore
442 2328 624 2413 reprimunt
645 2328 769 2390 animas
792 2325 1001 2412 corporibus,
1031 2336 1062 2391 ct
1085 2328 1113 2391 si
1135 2351 1200 2392 non
1222 2330 1299 2395 inde
1323 2333 1386 2397 cito
1408 2333 1458 2396 fu-

312 2429 423 2513 gerint
439 2428 574 2492 celerius
589 2430 781 2493 moriuntur.
813 2428 875 2491 hoe
889 2438 997 2492 autem
1013 2430 1134 2493 malum
1149 2430 1346 2520 ubicumque
1360 2434 1459 2498 fuerit

313 2529 377 2593 hac
403 2532 529 2595 ratione
557 2529 690 2594 vitabis.
735 2528 867 2593 lucerna
889 2552 1027 2594 accensa
1049 2531 1083 2593 in
1106 2553 1142 2596 oo
1166 2531 1237 2597 loeo
1260 2534 1459 2599 demittatur.

313 2651 398 2718 quae
420 2631 449 2695 si
471 2630 589 2695 ardens
612 2632 804 2695 remanserit
826 2632 896 2694 sine
918 2630 1063 2717 periculo
1086 2631 1278 2697 descendes.
1324 2634 1408 2721 quod
1431 2637 1459 2700 si

259 2754 294 2801 20
314 2742 463 2820 ereptum
492 2735 522 2798 ei
550 2732 659 2797 lumen
687 2733 801 2813 fuerit,
831 2731 1013 2796 cavendum
1041 2733 1102 2795 erit
1131 2754 1171 2796 ne
1194 2735 1229 2797 in
1252 2757 1288 2798 eo
1311 2734 1380 2800 loco
1404 2736 1458 2799 de-

314 2834 500 2899 scendatur.
546 2832 603 2898 sed
626 2834 655 2898 si
677 2833 741 2899 alio
763 2833 833 2898 loco
855 2855 940 2921 aqua
962 2855 1027 2897 non
1049 2834 1252 2917 invenietur,
1282 2834 1399 2899 dextra
1421 2858 1460 2899 ac

314 2937 449 3001 sinistra
471 2958 574 3023 usque
600 2935 643 2999 ad
665 2936 894 3001 libramentum
915 2957 1020 3022 aquae
1042 2936 1132 3022 putei
1155 2935 1322 3001 fodiantur
1348 2946 1380 3001 ot
1401 2960 1460 3024 per

315 3047 512 3104 structuram
540 3037 699 3102 foramina
727 3039 822 3125 quasi
843 3059 938 3102 nares
961 3038 1050 3102 intus
1072 3038 1108 3102 in
1129 3046 1261 3124 puteum
1285 3038 1458 3103 demittan-

315 3151 385 3226 tur,
415 3162 479 3227 qua
505 3140 641 3204 nocivus
670 3140 803 3225 spiritus
834 3148 997 3226 evaporet.
1043 3140 1100 3203 sed
1125 3162 1198 3204 cum
1220 3162 1304 3227 aqua
1325 3140 1460 3205 inventa

262 3266 297 3315 25
315 3242 432 3323 fuerit,
462 3240 599 3326 signinis
628 3240 780 3327 operibus
808 3242 949 3328 parietes
978 3249 1146 3304 struantur
1172 3242 1217 3305 ita
1239 3263 1281 3304 ne
1303 3262 1459 3305 venarum

317 3344 426 3429 capita
448 3341 671 3406 excludantur.
708 3343 742 3405 in
764 3342 904 3426 signinis
926 3351 1036 3405 autem
1058 3341 1210 3428 operibus
1234 3341 1313 3406 hacc
1327 3363 1459 3406 servare

317 3443 465 3509 debebis.
509 3443 614 3530 primo
643 3453 680 3507 ut
700 3443 821 3507 harena
848 3465 964 3529 aspera
985 3452 1118 3530 paretur
1140 3452 1171 3506 ct
1194 3453 1396 3508 caementum
1420 3444 1460 3508 de

318 3545 410 3611 silice
437 3544 492 3609 vel
523 3544 631 3632 lapido
663 3545 771 3609 toficio
804 3543 967 3631 calcisque
999 3545 1148 3631 proxime
1180 3545 1345 3610 extinctae
1377 3546 1461 3611 duae
1546 3557 1548 3562 '

1579 1947 1608 1974 tu·

387 3736 512 3786 lfoenm
540 3735 645 3799 (faceo,
672 3734 744 3798 iou):
771 3737 808 3785 sic
830 3740 854 3785 et
872 3735 938 3786 Pali.
962 3739 978 3784 Ι.
997 3751 1020 3787 o.
1044 3732 1096 3798 (rabi
1118 3735 1189 3801 ignis
1212 3735 1301 3800 Vita).
1325 3732 1337 3802 ΙΙ
1360 3738 1459 3801 8quo-

318 3821 407 3870 niam:
426 3820 463 3869 ste
482 3816 546 3886 (quo
562 3835 606 3885 pp,
627 3819 671 3881 dm
688 3817 714 3885 v)
732 3834 790 3884 app.
813 3815 826 3886 ΙΙ
850 3821 880 3868 11
894 3819 1029 3883 profluent
1047 3835 1073 3870 v:
1092 3821 1233 3884 profluent
1248 3836 1291 3884 pp.
1315 3816 1326 3885 ΙΙ
1352 3822 1382 3870 16
1402 3821 1460 3869 ani·

319 3919 377 3954 mas
397 3903 556 3969 corporibus
580 3918 622 3967 op:
647 3920 693 3954 om.
715 3921 733 3968 p
756 3899 811 3969 (ubi
832 3904 983 3968 reprimunt
1006 3903 1070 3953 &si
1088 3919 1142 3953 non
1166 3902 1229 3951 indo
1250 3903 1316 3969 ...).
1341 3901 1352 3969 Η
1381 3905 1412 3952 18
1431 3905 1459 3952 in

320 4003 352 4039 eo
370 3987 446 4038 loeo:
464 3989 502 4037 sio
519 4003 576 4053 opp.
600 3984 611 4053 Η
636 3989 667 4038 19
685 3986 837 4038 descendes
853 3998 895 4053 p0:
920 3986 1065 4038 descendis
1082 4004 1115 4051 op
1138 3995 1163 4036 et
1181 3993 1239 4036 ante
1257 4002 1325 4036 corr.
1344 4002 1368 4050 p.
1393 3983 1405 4052 ΙΙ
1427 3989 1460 4036 20

319 4074 348 4122 in
365 4087 397 4122 eo
415 4071 491 4123 loco:
510 4074 600 4121 iterum
617 4088 674 4137 opp.
695 4068 707 4139 ll
731 4071 910 4123 discendatur
927 4089 948 4124 υ.
966 4069 978 4138 ll
993 4074 1026 4121 22
1044 4071 1237 4120 libramentum
1249 4086 1275 4119 v:
1294 4070 1459 4120 liberamen-

319 4162 375 4208 tnm
393 4173 437 4223 pp.
460 4137 479 4223 {l
496 4156 572 4221 putei
588 4166 630 4221 pv:
654 4158 743 4222 puteis
765 4175 797 4223 ap
821 4163 846 4207 et
864 4164 922 4207 ante
940 4171 992 4206 rer.
1009 4171 1034 4219 p.
1062 4151 1073 4221 ll
1101 4157 1134 4205 23
1157 4157 1321 4204 structuram
1340 4172 1353 4204 v
1377 4152 1417 4219 (pc
1435 4162 1460 4204 et

317 4241 382 4305 (iat.
401 4251 434 4306 pc
445 4241 487 4291 abi
505 4238 634 4297 fructuli,
652 4243 689 4291 sie
707 4257 797 4291 errore
814 4243 912 4305 primae
930 4255 1017 4289 uranus
1028 4255 1077 4303 pro
1096 4228 1221 4287 s'ruetura
1239 4240 1255 4287 t.
1274 4253 1295 4287 e.
1316 4239 1458 4288 structuri.

319 4328 408 4376 eodem
425 4328 502 4389 ipttor
520 4331 669 4377 correctura
687 4328 735 4376 iam
750 4327 832 4389 suerit
842 4328 868 4376 in
882 4320 1021 4388 arelectppo
1033 4324 1145 4374 codicum
1156 4319 1215 4386 ppl:
1236 4321 1386 4372 fracturam
1400 4331 1458 4371 erite

320 4425 389 4460 corr.
404 4424 442 4474 pp
462 4406 500 4471 (ut
517 4410 588 4473 infra
605 4412 707 4473 pam,
727 4412 825 4460 dende
844 4409 994 4458 fracturam
1018 4407 1079 4468 ed).
1102 4402 1113 4471 ll
1138 4406 1313 4455 dimittantur
1329 4416 1367 4471 pc.
1389 4402 1402 4471 ll
1426 4408 1458 4455 25

321 4494 440 4559 signinis
458 4511 472 4543 o
489 4490 585 4559 (pcpcp
610 4493 699 4557 signis
716 4502 776 4544 oute
794 4510 862 4545 corr.
879 4509 914 4556 pp
938 4489 1005 4555 (ipse
1024 4492 1140 4541 correers
1156 4489 1195 4555 p).
1220 4486 1231 4556 ll
1254 4505 1325 4540 nouo
1343 4491 1412 4540 nard
1430 4506 1457 4539 o:

320 4583 461 4632 neuenerd
476 4598 505 4649 p,
524 4594 770 4641 assenez-gnarum
787 4599 804 4646 p
823 4579 850 4643 (i.
869 4595 891 4631 e.
915 4578 1152 4627 noueneu'marnm
1174 4582 1233 4624 ante
1256 4591 1309 4625 res.
1326 4590 1355 4638 p,
1376 4588 1460 4622 neue·

629 4651 674 4679 υ

321 4714 418 4751 narum
434 4697 485 4767 pv).
508 4696 521 4767 11
543 4702 576 4752 28
593 4700 687 4751 tulieio
705 4717 760 4766 opp.
1196 4775 1257 4840 19*
