3984 5825
428 429 491 492 228
923 443 1080 492 vrruuvn

514 598 609 661 Nunc
631 596 672 660 de
695 599 810 660 ceteris
835 597 997 661 sideribus
1027 619 1109 684 quae
1138 607 1213 660 sunt
1242 596 1359 659 dextra
1382 618 1419 658 ae
1443 596 1576 659 sinistra

431 721 544 765 zonam
574 699 741 782 signorum
776 698 957 762 meridiana
991 699 1303 786 septentrionalique
1335 707 1427 784 parte
1461 697 1575 760 mundi

380 817 415 865 Vl
429 801 532 865 stellis
552 800 712 886 disposita
733 799 935 885 figurataque
957 800 1073 865 dicam.
1110 822 1250 885 namque
1266 800 1457 886 septentrio,
1482 820 1576 884 quem
1601 818 1624 869 <

430 903 549 967 Graeci
564 902 732 965 nominant
747 924 872 983 αρκτον
887 902 957 964 sivo
974 905 1097 984 ελικην,
1120 900 1219 965 habet
1234 909 1308 987 post
1324 918 1358 963 se
1374 899 1575 964 conlocatum

396 1023 411 1067 ι’)
430 1003 607 1067 custodem.
645 1005 687 1065 ab
711 1025 748 1067 eo
770 1025 833 1066 non
849 1003 944 1087 longe
960 1002 1160 1067 conformata
1176 1012 1225 1066 θεῖ
1240 1004 1345 1086 virge,
1370 1003 1463 1066 euius
1480 1025 1575 1088 supra

429 1127 575 1169 umerum
598 1105 750 1167 dextrum
773 1105 975 1167 lucidissima
999 1102 1093 1168 stella
1114 1104 1241 1186 nititur,
1266 1125 1362 1189 quarn
1382 1105 1489 1169 nostri
1504 1126 1575 1192 pro-

431 1208 712 1288 vindemiatorem,
737 1205 856 1271 Graeci
880 1228 1118 1290 προτρυγητην
1134 1215 1263 1271 vocant.
1301 1204 1446 1268 candens
1468 1213 1575 1267 autern

429 1311 534 1393 magis
550 1309 642 1394 spica
658 1310 726 1371 eius
745 1317 805 1372 est.
843 1307 984 1373 colorata
1006 1309 1085 1370 item
1107 1305 1171 1369 alia
1193 1315 1306 1371 contra
1328 1316 1376 1370 est
1398 1304 1497 1370 stella
1512 1328 1575 1368 me-

430 1412 484 1473 dia
506 1432 684 1496 genuorum
708 1409 852 1473 custodis
874 1411 971 1490 arcti,
996 1410 1052 1494 qui
1073 1418 1221 1472 arcturus
1245 1407 1376 1492 dieitur,
1400 1416 1434 1472 et
1458 1417 1507 1471 est
1530 1406 1575 1470 ibi

381 1528 411 1573 te
430 1512 601 1577 dedicatus
618 1533 635 1573 e
650 1512 782 1595 regione
798 1512 915 1597 capitis
931 1512 1172 1599 septentrionis,
1196 1496 1402 1573 transversus
1418 1509 1462 1572 ad
1478 1510 1576 1596 pedes

430 1616 632 1698 geminorum
659 1615 774 1698 auriga
803 1622 866 1676 stat
893 1613 928 1675 in
956 1635 1080 1677 summo
1108 1633 1207 1676 cornu
1234 1613 1337 1693 tauri,
1372 1613 1519 1696 itemque
1546 1611 1616 1675 im

430 1738 554 1779 summo
578 1737 676 1779 cornu
700 1713 793 1778 laevo
815 1715 900 1777 tauri
923 1723 955 1777 et
975 1715 1090 1798 auriga
1113 1713 1205 1801 pedis
1222 1715 1320 1776 imam
1335 1722 1426 1776 tenet
1441 1722 1624 1798 partern-

431 1815 544 1880 stellae
560 1816 659 1878 etiam
674 1815 880 1902 appellantur
895 1815 936 1878 ad
952 1817 1086 1900 aurigae
1101 1837 1216 1879 manus
1232 1814 1344 1896 haedi,
1369 1836 1469 1901 capra
1484 1813 1624 1877 laevo

430 1939 552 1981 umero.
587 1919 672 1980 tauri
695 1916 827 2002 quidem
851 1926 882 1979 et
903 1918 1016 1980 arietis
1040 1919 1172 2003 insuper
1187 1918 1326 1981 Perseus
1350 1916 1475 1980 habens
1500 1915 1624 1978 dex—

382 2017 605 2082 interioribus
630 2018 908 2082 subtercurrentes
937 2019 1042 2082 basim
1070 2018 1242 2103 vergilias,
1275 2040 1295 2080 a
1318 2018 1620 2082 sinisterioribus

432 2130 530 2205 eaput
551 2119 674 2200 arietis,
699 2128 730 2181 et
753 2142 851 2183 manu
873 2121 991 2184 dextra
1018 2120 1161 2183 innitens
1185 2120 1364 2205 Cassiopae
1392 2119 1581 2184 simulacro
1591 2173 1611 2204 ,

432 2220 526 2283 laeva
548 2241 647 2305 supra
668 2223 754 2284 tauri
776 2230 865 2286 tenet
887 2243 1098 2308 gorgoneum,
1122 2243 1281 2284 summum
1298 2231 1397 2307 eaput
1414 2220 1601 2290 subiciens

432 2320 662 2385 Andromedae
689 2322 839 2407 pedibus,
895 2325 972 2388 item
1008 2324 1113 2411 pisces
1149 2344 1246 2408 supra
1272 2321 1520 2385 Andromedam
1548 2335 1594 2385 et

433 2426 508 2510 equi
535 2433 649 2486 venter
681 2424 815 2510 alaeque
848 2448 930 2512 quae
962 2435 1038 2490 sunt
1071 2445 1169 2509 supra
1198 2423 1326 2508 spinam
1358 2424 1451 2510 equi,
1487 2424 1581 2486 cuius

383 2538 417 2584 20
435 2526 558 2589 ventris
583 2525 786 2592 lucidissima
809 2527 903 2591 stella
925 2527 997 2590 finit
1013 2536 1161 2589 ventrem
1184 2527 1259 2610 equi
1282 2534 1314 2588 et
1336 2535 1435 2611 eaput
1450 2525 1576 2590 Andro-

432 2623 557 2691 me'dae.
602 2650 717 2692 manus
740 2627 970 2693 Andromedae
1000 2629 1118 2692 dextra
1147 2648 1246 2713 supra
1274 2625 1453 2712 Cassiopae
1481 2628 1569 2690 simu·

433 2729 555 2794 lacrum
583 2740 633 2794 est
660 2732 853 2812 constituta,
882 2730 977 2794 laeva
1005 2728 1048 2794 ad
1077 2726 1294 2816 aquilonalem
1320 2728 1456 2813 piscem.
1502 2730 1569 2792 item

432 2972 594 3036 pregando:
612 2975 649 3022 sie
669 2971 753 3025 EGH.
778 2969 791 3039 ss
813 2975 829 3022 4
847 2976 954 3022 arctum
973 2972 1033 3022 sive
1051 2970 1158 3022 helicen
1178 2968 1284 3033 (-eem
1301 2968 1339 3035 Ε)
1362 2969 1451 3020 EGH.
1474 2965 1487 3034 ll
1511 2969 1570 3019 δεῖ

434 3073 466 3105 eo
486 3057 546 3108 EG:
567 3073 613 3106 om.
634 3057 663 3105 H
681 3053 762 3120 (hle).
786 3053 799 3123 Η
822 3058 837 3106 6
856 3055 1134 3122 provindemiatorem
1153 3055 1283 3120 Scaliger:
1302 3053 1478 3118 providentia
1496 3054 1573 3103 malo-

434 3156 475 3189 res
495 3140 581 3189 EGH.
602 3136 614 3204 ll
637 3141 652 3189 7
670 3155 869 3208 προτρυγητην
883 3142 951 3191 Seol.
966 3141 1058 3204 (Jor.):
1078 3139 1267 3205 propygethon
1282 3138 1341 3200 GH,
1355 3138 1505 3203 -pigeton
1516 3138 1548 3204 Ε.
1561 3132 1572 3202 ll

433 3225 547 3287 8spica
565 3223 645 3272 Prii:
666 3226 773 3288 speeies
794 3227 878 3276 EGH.
903 3223 915 3292 ΙΙ
939 3226 1076 3274 colorata:
1098 3226 1136 3273 sie
1153 3223 1232 3274 EGH
1251 3222 1401 3286 (collocate
1423 3222 1506 3284 Mar).
1528 3218 1540 3287 ll
1561 3224 1575 3270 9

434 3321 564 3369 generum
582 3306 617 3353 Ε.
640 3304 652 3371 ΙΙ
677 3309 804 3358 custodes
823 3318 881 3359 arete
899 3327 967 3360 corr.
985 3310 1022 3359 H.
1040 3305 1051 3375 ll
1068 3308 1186 3361 dicitur.
1201 3312 1244 3356 est
1261 3306 1301 3356 ibi
1313 3307 1396 3357 EGH
1412 3307 1452 3370 (et
1466 3312 1509 3357 est
1525 3321 1576 3371 090,

435 3390 507 3454 quod
527 3395 570 3439 est
586 3389 680 3454 Mna).
704 3387 717 3457 ss
741 3395 772 3442 10
790 3393 933 3443 dedicatus
952 3397 987 3441 le:
1007 3393 1145 3442 delicatus
1162 3390 1243 3440 EGH
1253 3390 1310 3454 (L).
1334 3386 1346 3456 ll
1371 3393 1403 3441 12
1421 3391 1508 3455 pedes
1526 3406 1577 3439 una

432 3478 511 3523 tenet
532 3480 612 3539 parte
637 3474 746 3524 stellam
770 3475 788 3538 (.
798 3477 857 3539 EG)
880 3476 903 3525 a
926 3478 965 3542 (et
984 3475 1017 3541 G)
1042 3476 1220 3541 appellantur
1243 3480 1359 3541 aurigae
1383 3491 1481 3526 manus
1503 3476 1578 3525 EGH

435 3558 525 3623 (pedis
548 3560 603 3609 ima
626 3559 707 3617 Mar„
726 3560 809 3610 imam
827 3599 854 3613 ..
869 3602 874 3612 .
893 3566 1000 3625 partem
1014 3597 1020 3608 .
1032 3559 1132 3611 stellae
1146 3560 1229 3610 etiam
1294 3560 1329 3609 ad
1347 3559 1415 3625 eqo).
1438 3556 1451 3625 ll
1476 3561 1508 3609 14
1519 3575 1578 3624 per·

436 3659 501 3693 sens
519 3644 721 3694 dexterioribus
739 3646 835 3695 subter
854 3661 966 3696 currens
984 3646 1079 3695 basem
1092 3645 1226 3710 vergilias
1239 3645 1422 3695 sinisterioris
1441 3643 1577 3707 (asiniste

435 3729 515 3778 rioris
534 3728 572 3789 H)
597 3733 682 3793 caput
704 3729 783 3779 EGH
807 3728 924 3793 (habens
946 3732 1009 3781 add.
1032 3734 1065 3779 al.
1091 3729 1174 3788 Mar„
1197 3733 1340 3779 currentes
1362 3746 1422 3795 eqo,
1446 3729 1535 3779 basim
1553 3735 1577 3777 ut

434 3814 505 3874 infra
521 3830 550 3876 p.
568 3815 630 3870 231,
650 3816 666 3860 9
684 3812 754 3878 ete).
772 3810 784 3880 Ι]
806 3818 838 3864 16
855 3814 978 3865 innitens
997 3815 1025 3863 H
1043 3813 1128 3877 (Lle):
1148 3813 1291 3863 inmittens
1312 3814 1368 3868 EG.
1388 3810 1400 3879 l}
1425 3813 1576 3879 cassiopiae

439 3896 515 3946 EGH
534 3897 601 3959 (Lle,
614 3899 661 3946 sea
679 3898 816 3963 cassiepie
835 3902 857 3948 Ic
868 3907 894 3947 et
904 3899 945 3948 bic
957 3907 982 3948 et
1000 3899 1071 3961 infra
1084 3901 1125 3951 21.
1139 3900 1198 3961 229,
1212 3903 1229 3948 5
1241 3904 1266 3947 et
1278 3901 1341 3957 230,
1356 3897 1406 3963 to).
1422 3894 1434 3964 ΙΙ
1455 3901 1486 3948 17
1498 3913 1575 3963 supra

436 3982 509 4029 tauri
527 3996 586 4044 eye:
607 3995 690 4045 supra
709 3984 806 4047 auriga
824 3981 931 4048 (—gam
952 3982 986 4045 Ε)
1007 3981 1091 4033 EGH.
1115 3979 1127 4047 ll
1149 3963 1246 4031 tenent
1264 3982 1289 4031 Ε
1306 3988 1332 4031 et
1350 3989 1409 4031 ante
1427 3998 1497 4032 corr.
1518 3987 1544 4037 G.
1563 3981 1573 4042 l:

435 4077 567 4115 summum
585 4081 644 4130 eqo:
664 4065 831 4115 adsummum
849 4067 935 4116 EGH.
958 4065 970 4131 ΙΙ
991 4066 1131 4115 subiciens
1144 4067 1228 4119 Mam
1247 4067 1443 4132 subiciensque
1461 4068 1545 4118 EGH.
1563 4066 1573 4131 la

438 4148 469 4195 18
487 4147 610 4214 pedibus.
637 4150 707 4198 Item
731 4152 836 4216 pisces:
863 4154 901 4201 sie
918 4149 1004 4199 EGH.
1028 4146 1040 4215 ΙΙ
1067 4165 1149 4214 supra
1169 4152 1267 4216 auriga
1294 4152 1463 4202 andromeda
1482 4153 1503 4201 G
1520 4148 1575 4215 (nou

439 4230 483 4293 Ε),
502 4234 550 4282 sed
566 4233 663 4297 auriga
682 4235 730 4283 del.
752 4235 794 4284 Ge,
819 4230 830 4299 ΙΙ
860 4239 888 4283 et
911 4234 974 4299 equi
996 4239 1094 4283 venter
1117 4234 1234 4300 alaeque
1258 4250 1329 4299 quae
1354 4237 1442 4286 Mart:
1471 4241 1500 4285 et
1522 4235 1574 4285 eius

437 4315 541 4364 ventris
560 4320 589 4364 et
612 4319 729 4381 equique
754 4318 789 4379 (a
809 4320 900 4384 eqniq;
922 4319 961 4376 H,
985 4316 1008 4367 ἃ
1030 4319 1093 4382 equi
1117 4335 1169 4385 quq
1193 4320 1228 4377 Ε,
1253 4323 1282 4369 θῖ
1300 4322 1394 4384 equiq²
1417 4320 1453 4378 θ,
1477 4321 1524 4369 sed
1545 4318 1575 4367 6⁶

438 4402 466 4445 et
483 4399 547 4461 equi
566 4400 625 4462 qni)
644 4400 729 4453 EGH.
746 4398 758 4467 ll
774 4406 805 4451 21
821 4404 965 4469 cassiopae
980 4403 1008 4451 H
1020 4400 1103 4466 (Lle):
1124 4404 1262 4469 cassiopiq
1280 4403 1336 4453 EG.
1359 4401 1372 4470 ΙΙ
1395 4406 1428 4455 22
1441 4402 1574 4469 leqnei·

438 4493 474 4528 vs
491 4481 675 4544 aquilonalem
694 4485 739 4547 (ad
757 4489 818 4538 add.
838 4486 927 4549 litae).
1600 4478 1608 4486 “
