3984 5825
751 656 798 701 on
821 653 1088 702 ancurrncrum
1112 655 1179 700 ms.
1205 656 1237 701 x.
1470 685 1474 691 .
1503 639 1563 703 251

421 819 498 874 sunt
527 809 569 874 ab
597 807 783 895 lapidicinis
805 807 848 871 ad
880 808 992 871 fanum
1021 806 1111 870 milia
1140 808 1259 894 pedum
1282 818 1370 891 octo,
1398 831 1457 872 ncc
1479 808 1565 873 ullus

422 921 470 974 est
493 911 599 974 clivus
623 910 681 974 sed
704 919 880 996 perpetuus
903 932 1048 994 campus.

380 1026 406 1073 13
509 1013 628 1076 Nostra
656 1032 735 1075 vero
761 1012 917 1074 memoria
945 1033 1018 1074 curn
1047 1011 1195 1075 colossici
1223 1010 1387 1099 Apollinis
1422 1013 1456 1075 in
1489 1012 1564 1075 fano

424 1115 511 1178 basis
535 1123 620 1178 esset
642 1135 662 1175 a
684 1122 846 1176 vetustate
870 1111 1030 1194 diffracta,
1054 1122 1086 1176 et
1108 1121 1288 1176 metuentes
1311 1134 1352 1176 no
1374 1113 1505 1177 caderet
1528 1136 1565 1176 ea

425 1225 532 1280 statua
548 1226 579 1279 et
594 1215 816 1300 frangeretur,
840 1213 1030 1278 locaverunt
1053 1236 1095 1277 ex
1111 1203 1234 1277 eisdem
1257 1213 1444 1301 lapidicinis
1460 1216 1565 1279 busim
1584 1233 1599 1281 5

425 1317 648 1381 excidendam.
692 1316 850 1381 conduxit
873 1315 1007 1402 quidam
1029 1316 1200 1380 Paeonius.
1244 1316 1325 1379 haec
1346 1327 1456 1381 erstem
1477 1318 1565 1381 basis

428 1430 491 1483 erat
513 1419 611 1504 longa
633 1417 731 1505 pedes
755 1418 944 1500 duodecim,
967 1416 1033 1480 lata
1056 1417 1155 1504 pedes
1178 1434 1242 1481 V111
1250 1466 1259 1499 ,
1289 1416 1357 1480 alta
1379 1418 1479 1504 pedes
1496 1442 1564 1482 sex.

427 1543 519 1608 quam
543 1521 703 1584 Paconius
731 1518 836 1604 gloria
864 1519 966 1583 frctus
989 1541 1055 1582 non
1076 1520 1124 1582 uti
1153 1519 1342 1603 Metagenes
1366 1513 1564 1607 adportavit,

428 1621 481 1685 sed
509 1620 623 1685 eadem
645 1622 770 1685 ratione
797 1620 860 1685 alio
888 1643 1007 1706 genere
1030 1622 1200 1685 constituit
1229 1620 1413 1684 machinam
1445 1621 1564 1685 facere.

393 1733 510 1788 urotas
540 1724 626 1785 enim
654 1724 784 1786 circiter
814 1723 933 1809 pedum
961 1741 1008 1785 xv
1037 1723 1115 1786 fecit
1144 1732 1175 1786 et
1207 1725 1241 1787 in
1270 1722 1320 1785 his
1349 1722 1429 1786 rotis
1458 1725 1616 1809 capitato

428 1824 542 1912 lapidis
572 1822 719 1906 inclusit,
748 1823 866 1887 deinde
896 1825 982 1887 circu
1009 1823 1152 1910 lapidem
1180 1825 1268 1888 fusos
1290 1823 1495 1906 sextantales
1523 1824 1564 1887 ab

427 1937 494 1990 rota
522 1927 565 1989 ad
593 1937 697 1991 rotam
727 1926 769 1989 ad
798 1926 955 1988 circinum
985 1927 1147 2012 compegit
1175 1928 1222 1990 ita
1249 1927 1298 1990 uti
1327 1924 1417 1990 fusus
1446 1948 1465 1988 a
1493 1921 1569 1989 t'uso'

427 2052 485 2092 non
514 2029 650 2092 distaret
677 2027 794 2115 pedem
822 2028 885 2090 nisi
912 2049 1023 2091 unum.
1073 2027 1191 2091 deinde
1222 2027 1310 2090 circa
1337 2026 1426 2091 fusos
1454 2027 1565 2090 funem

427 2127 566 2194 involvit
589 2139 621 2194 et
642 2128 750 2193 bubus
774 2130 893 2193 iunctis
921 2128 1033 2193 funem
1055 2128 1206 2192 ducebat.
1257 2131 1305 2193 ita
1327 2151 1400 2192 cum
1423 2128 1564 2216 explica-

427 2243 514 2295 retur
541 2231 697 2295 volvebat
723 2239 828 2312 rotas,
857 2229 915 2294 sed
945 2254 1011 2296 non
1033 2240 1159 2316 poterat
1181 2231 1224 2294 ad
1253 2231 1372 2295 lineam
1395 2232 1449 2294 via
1476 2240 1566 2295 recta
1586 2250 1616 2297 15

427 2332 543 2397 ducere
566 2333 624 2397 sed
648 2332 759 2397 exibat
772 2334 815 2395 'in
838 2355 936 2395 unam
959 2342 1095 2419 partem.
1139 2333 1186 2397 ita
1209 2354 1339 2396 neccsse
1362 2341 1431 2423 erat
1453 2355 1565 2397 rursus

426 2435 641 2500 retroducere.
694 2436 741 2498 sic
763 2435 926 2498 Paeonius
953 2433 1102 2498 ducendo
1127 2444 1159 2499 et
1186 2432 1372 2500 reducendo
1394 2436 1563 2522 pecuniam

428 2539 596 2619 contrivit,
618 2546 655 2600 ut
677 2536 720 2599 ad
743 2535 935 2600 solvendum
956 2559 1023 2601 non
1045 2546 1139 2600 esset.

389 2650 413 2699 15
508 2637 668 2702 Pusillum
690 2648 783 2702 extra
805 2638 996 2726 progrediar
1019 2648 1050 2701 et
1073 2637 1113 2701 de
1136 2638 1186 2702 his
1210 2638 1396 2725 lapidicinis
1412 2638 1565 2724 quemad·
1585 2655 1638 2703 VII

426 2740 554 2803 modum
585 2740 651 2804 sint
679 2741 830 2804 inventae
858 2762 1030 2826 exponam.
1087 2739 1270 2803 Pixodarus
1306 2739 1412 2802 luerat
1444 2750 1564 2825 pastor.
1584 2760 1617 2805 20

425 2843 451 2904 is
479 2843 514 2905 in
541 2842 593 2904 his
626 2840 706 2905 locis
737 2840 940 2906 versabatur.
990 2863 1064 2903 curn
1092 2850 1201 2904 autem
1230 2842 1319 2903 cives
1347 2840 1566 2926 Ephesiorum

425 2946 604 3030 cogitarent
625 2943 737 3007 fanum
759 2946 888 3009 Dianae
910 2966 952 3006 cx
973 2964 1133 3006 marmore
1161 2942 1268 3005 facere
1289 2939 1565 3028 decernerentque

425 3068 444 3108 a
465 3046 548 3109 Paro
570 3045 777 3111 Proconneso
805 3044 965 3108 Heraclea
987 3044 1094 3108 Thaso
1118 3045 1167 3107 uti
1189 3065 1330 3106 marmor
1351 3053 1563 3130 repeteretur,

424 3144 586 3234 propulsis
621 3147 739 3212 ovibus
773 3146 957 3211 Pixodarus
991 3148 1026 3209 in
1065 3145 1179 3210 eodem
1212 3144 1281 3209 loco
1315 3167 1414 3232 pecus
1453 3166 1564 3231 pasce-

424 3248 497 3331 bat,
530 3247 644 3335 ibique
672 3249 737 3313 duo'
767 3249 884 3311 arietes
919 3250 1004 3312 inter
1032 3269 1066 3311 se
1097 3255 1324 3312 concurrentes
1352 3245 1436 3311 alius
1465 3245 1565 3311 alium
1583 3265 1615 3313 ⁶25

493 3492 505 3537 1
526 3488 727 3553 ablapidicinee
748 3488 798 3538 GH
816 3487 904 3552 (—nis
924 3488 996 3553 G0L,
1021 3487 1199 3554 alapidicinia
1216 3490 1266 3537 let
1283 3494 1342 3538 onte
1359 3505 1427 3540 corr.
1444 3491 1473 3547 le,
1492 3490 1564 3538 -di-

361 3586 367 3593 ·
424 3573 522 3622 uicinis
540 3572 604 3636 esc).
619 3569 631 3638 11
649 3570 851 3638 fanumlmilia:
869 3579 908 3622 ste
921 3574 971 3624 GH
989 3571 1113 3639 (uterque,
1133 3574 1228 3623 fanum
1247 3572 1393 3625 miliaLle.
1418 3574 1565 3638 quamius.

424 3656 488 3718 ert).
510 3654 522 3722 ΙΙ
545 3658 642 3722 pedum
662 3658 744 3707 Rode:
764 3660 868 3722 passui
888 3659 946 3710 GH.
970 3654 982 3723 Η
1006 3662 1081 3708 octo:
1108 3659 1233 3709 VIII.G.
1257 3654 1271 3725 ΙΙ
1294 3662 1309 3708 2
1329 3663 1372 3709 est
1395 3676 1441 3711 ora.
1462 3659 1491 3713 G.
1516 3656 1527 3726 ll
1551 3664 1566 3711 3

425 3741 562 3807 apollonis
582 3744 611 3792 G.
635 3739 647 3807 ΙΙ
669 3742 843 3792 Idiffraeta:
866 3744 904 3792 sic
927 3743 978 3793 GH
996 3743 1067 3805 (Ltc,
1092 3743 1226 3794 distracta
1251 3743 1305 3807 Gt).
1328 3739 1339 3809 ΙΙ
1363 3759 1411 3794 ne:
1430 3759 1482 3793 nec
1500 3748 1530 3794 le.
1552 3742 1563 3805 ll

425 3823 533 3876 cader&
550 3825 586 3874 L:
607 3825 712 3876 ceder&
730 3824 804 3889 (—et
823 3827 854 3889 G)
879 3827 932 3876 GH
949 3825 1001 3890 (Ic).
1026 3823 1037 3892 Η
1061 3829 1189 3878 ostatua
1208 3828 1229 3877 G
1248 3825 1306 3891 (Ich
1332 3831 1395 3876 stua
1418 3836 1478 3877 ante
1496 3843 1565 3877 corr.

425 3946 465 4001 H,
489 3908 553 3993 stila
577 3944 616 3992 H⁶
638 3941 744 4008 (mactato
760 3960 780 4015 u
797 3947 823 3994 in
846 3960 877 4009 a,
901 3948 1009 3995 statuta
1028 3943 1070 4006 L).
1098 3940 1109 4009 ll
1133 3947 1148 3994 6
1168 3945 1202 4008 (et
1221 3918 1247 4009 Sl
1272 3945 1405 4008 paeonius
1429 3945 1479 3993 GH
1498 3921 1564 4008 (Llc,

424 4028 557 4093 paeonius
585 4026 649 4093 coo).
671 4025 683 4094 ΙΙ
704 4031 718 4079 7
743 4028 885 4080 duodecim
908 4029 949 4078 H:
977 4028 1087 4081 XILG.
1111 4026 1122 4095 Η
1146 4029 1212 4079 VIII
1231 4029 1289 4078 GH.
1311 4023 1324 4094 ΙΙ
1348 4044 1397 4078 sex
1416 4027 1473 4077 GH.
1495 4024 1506 4093 ΙΙ
1535 4030 1565 4079 10

424 4115 488 4164 XV:
506 4114 545 4162 sic
565 4112 624 4164 GH.
647 4108 659 4177 Η
684 4115 713 4162 11
733 4114 904 4164 sextantales
921 4114 989 4165 Joc:
1009 4116 1151 4163 sextantes
1172 4113 1222 4163 GH
1240 4111 1283 4177 (L,
1303 4128 1350 4163 ser
1369 4117 1476 4162 stantes
1494 4112 1536 4175 Ic).
1552 4110 1563 4177 Η

425 4196 523 4247 adrota
550 4197 645 4246 adroti
668 4200 699 4247 Ie.
729 4194 741 4263 ll
770 4200 800 4248 13
826 4198 923 4263 pedem
951 4198 1006 4247 nisi
1033 4196 1108 4250 Sela.
1139 4192 1192 4263 [flz
1221 4195 1289 4261 pede
1316 4212 1376 4249 esse
1406 4196 1464 4249 GH.
1494 4194 1505 4263 ΙΙ
1534 4200 1565 4247 14

425 4285 454 4331 et
471 4283 526 4331 ed:
545 4287 577 4331 ut
596 4282 654 4332 GH.
677 4277 689 4346 11
713 4281 800 4332 bubus
820 4284 873 4332 GH
888 4281 931 4346 (L,
950 4281 1037 4331 bobus
1055 4280 1099 4342 lc),
1117 4278 1129 4346 ΙΙ
1145 4280 1264 4329 ducebat
1282 4283 1335 4331 ert:
1355 4282 1457 4331 *bant
1477 4282 1535 4332 GH.
1551 4279 1563 4345 ll

425 4368 457 4415 16
479 4366 509 4415 in
531 4369 585 4416 una
606 4367 697 4431 parte:
724 4368 762 4416 sic
782 4367 840 4419 GH.
865 4364 877 4432 [1
906 4369 937 4417 17
960 4366 1093 4431 paeonius
1118 4365 1169 4414 GH
1191 4362 1333 4428 (poeonius
1356 4368 1391 4423 L,
1416 4367 1531 4429 peonius
1549 4373 1565 4424 l,

424 4452 540 4515 peonius
558 4468 581 4514 o,
600 4452 733 4515 paeonius
754 4450 807 4514 6⁶).
831 4447 843 4516 ΙΙ
867 4454 898 4502 18
918 4450 1047 4501 contrivit
1065 4452 1118 4500 ed:
1138 4450 1305 4499 eontricovIt
1324 4451 1381 4503 GH.
1410 4447 1421 4516 Η
1449 4454 1481 4501 ‘23
1503 4468 1565 4515 pro·

425 4550 539 4585 conesso
559 4537 617 4587 GH.
641 4532 653 4602 ll
677 4536 756 4586 thaso
776 4537 831 4590 eda
854 4536 938 4585 thasii
963 4536 1021 4586 GH.
1050 4529 1062 4599 ll
1089 4549 1205 4584 marmor
1226 4538 1367 4598 peteretur
1385 4535 1453 4584 Mar.
1477 4534 1565 4600 (repe-

424 4623 531 4669 teretur
548 4620 620 4685 eyo):
643 4636 777 4672 marmore
795 4625 907 4686 petatur
926 4621 979 4670 GH
993 4615 1096 4684 (petat2
1117 4618 1150 4677 G,
1169 4614 1256 4683 ptrut⁰
1270 4619 1310 4679 H,
1328 4622 1394 4670 unde
1405 4625 1514 4685 petatus
1534 4622 1564 4684 L,

424 4708 472 4756 sed
488 4702 594 4770 pbatur
609 4704 653 4772 la).
