3984 5825
609 672 656 717 nu
679 670 945 720 assumserunt
970 673 1039 719 urs.
1062 673 1123 720 v11.
1377 660 1433 724 181

291 825 381 913 pilae
401 823 551 888 manibus
574 823 734 889 versando
757 823 943 891 esficirmtur
970 836 1003 890 et
1030 826 1076 890 ita
1098 826 1303 912 conligantur
1324 837 1360 894 ut
1388 830 1435 892 in-

290 934 454 992 arescant.
498 925 609 989 aridae
631 935 867 1013 componuntur
895 928 929 991 iu
951 949 1048 994 urceo
1075 927 1167 994 fictili
1173 977 1183 1010 ‚
1205 930 1293 994 urcei
1315 931 1350 994 in
1372 930 1435 995 for-

290 1051 385 1094 nace.
434 1027 530 1092 simul
557 1036 664 1092 autem
691 1048 746 1091 aes
770 1037 801 1093 et
829 1050 867 1092 ea
895 1028 1016 1094 harena
1046 1030 1088 1094 ab
1116 1031 1201 1114 ignis
1230 1031 1436 1096 vehementia

290 1127 568 1197 confervescendo
591 1128 785 1213 coaluerint,
816 1130 959 1194 interae
981 1130 1089 1195 dando
1112 1140 1144 1196 et
1170 1132 1360 1218 accipiendo
1382 1155 1434 1196 su-

290 1234 389 1298 dores
417 1254 438 1296 a
470 1229 724 1318 proprietatibus
757 1229 931 1295 discedunt
965 1233 1099 1319 suisque
1125 1231 1225 1329 rebus
1256 1256 1314 1320 per
1348 1235 1469 1318 igniss

255 1349 271 1396 a
290 1333 535 1398 vehementiam
558 1331 717 1397 confectis
734 1333 880 1398 caeruleo
894 1332 1089 1418 rediguntur
1104 1333 1220 1400 colore.
1258 1344 1332 1398 usta
1346 1357 1435 1420 vero,

290 1457 378 1521 quae
405 1435 485 1500 satis
513 1431 612 1511 habet
637 1432 791 1499 utilitatis
818 1434 853 1497 in
875 1434 1029 1521 operibus
1052 1436 1213 1518 tectoriis,
1244 1436 1292 1499 sic
1313 1446 1435 1524 tempe-

289 1547 394 1602 ratur.
431 1534 549 1622 glaeba
570 1534 641 1600 silis
663 1534 742 1601 boni
764 1537 914 1622 coquitur
928 1545 965 1600 ut
987 1538 1031 1601 sit
1053 1538 1088 1600 in
1115 1538 1185 1622 igni
1207 1537 1359 1601 candens.
1398 1561 1435 1601 ea

288 1647 402 1704 autem
422 1645 515 1701 aceto
537 1637 740 1722 extinguitur
762 1646 794 1702 et
817 1636 958 1702 efficitur
979 1659 1142 1724 purpureo
1165 1637 1281 1703 colore.

256 1755 270 1803 1
377 1740 430 1805 De
463 1759 594 1804 cenrssa
626 1739 845 1826 aerugineque
879 1760 975 1826 quam
1003 1741 1106 1804 nostri
1139 1761 1288 1805 aerucam
1316 1750 1435 1805 vocant
1453 1756 1506 1807 ΧΗ

288 1850 429 1907 nonest
457 1838 600 1904 alienum
626 1839 898 1927 quemadmodum
925 1850 1130 1926 comparetur
1155 1841 1273 1905 dicere.
1317 1841 1433 1908 Rhodo
1453 1859 1482 1906 11

290 1944 379 2007 enim
407 1941 505 2007 doliis
534 1951 698 2006 sarmenta
729 1926 935 2006 conlocantes
962 1949 1053 2006 aceto
1087 1943 1208 2007 suffuso
1241 1965 1339 2031 supra
1367 1965 1432 2009 sar·

290 2052 402 2110 menta
429 2040 599 2108 conlocant
625 2041 794 2130 plumbeas
823 2063 962 2126 massas,
992 2041 1111 2106 deinde
1133 2065 1171 2106 ea
1193 2044 1354 2130 operculis
1377 2044 1433 2111 ob-

290 2154 400 2210 turant
421 2167 464 2209 ne
485 2145 721 2230 spiramentum
742 2143 894 2209 obturata
915 2144 1075 2209 emittant.
1112 2154 1186 2230 post
1208 2155 1332 2210 certum
1353 2156 1433 2211 tem·

290 2270 351 2334 pus
364 2248 551 2334 aperientes
573 2245 744 2310 inveniunt
759 2267 777 2309 e
791 2247 908 2310 massis
930 2245 1092 2332 plumbeis
1108 2266 1282 2312 cerussam.
1320 2248 1433 2313 eadem
1454 2268 1485 2316 15

290 2350 416 2414 ratione
437 2345 584 2411 lamellas
606 2367 717 2411 aereas
740 2346 944 2411 conlocantes
968 2347 1115 2412 efficiunt
1140 2350 1330 2434 aeruginem
1352 2372 1434 2437 quae

265 2465 278 2512 2
293 2471 408 2514 aeruca
421 2447 615 2536 appellatur.
653 2468 784 2513 cerussa
798 2470 876 2514 vero
892 2470 965 2513 cum
979 2450 1015 2512 in
1035 2449 1167 2514 fornace
1182 2452 1341 2537 coquitur,
1364 2475 1432 2516 mu-

293 2560 359 2617 tato
381 2551 488 2618 colore
509 2550 553 2614 ad
574 2550 683 2634 ignem
705 2549 858 2614 incendio
881 2550 1022 2615 eflicitur
1036 2551 1224 2616 sandaraca.
1267 2553 1303 2617 id
1325 2561 1434 2617 autem

295 2653 441 2719 incendio
462 2652 551 2717 facto
566 2672 609 2715 ex
623 2673 700 2716 casu
715 2650 901 2716 didicerunt
921 2650 1079 2734 homines,
1103 2662 1135 2717 et
1154 2675 1192 2716 ea
1206 2652 1308 2717 multo
1323 2653 1433 2718 melio-

298 2775 361 2818 rem
375 2777 469 2820 usum
483 2762 627 2840 praestat
642 2757 739 2840 quam
754 2774 837 2839 quae
852 2751 893 2816 de
907 2752 1048 2818 metallis
1063 2775 1123 2839 per
1145 2776 1179 2817 se
1201 2762 1278 2817 nata
1297 2753 1432 2819 foditur.
1451 2776 1484 2824 20

376 2854 536 2944 Incipiam
557 2876 643 2920 nunc
674 2854 717 2919 de
738 2864 826 2920 ostro
854 2853 978 2936 dicere,
1007 2854 1095 2941 quod
1118 2862 1150 2918 st
1178 2855 1378 2919 carissimam
1401 2865 1432 2920 et

283 2956 599 3023 rcxcellentissimam
619 2956 719 3022 habet
740 2965 869 3042 praeter
890 2955 948 3021 hos
971 2956 1093 3020 colores
1115 2964 1265 3042 aspectus
1288 2957 1429 3020 suavita-
1449 2976 1517 3026 xm

309 3064 371 3124 tem.
411 3058 446 3123 id
467 3067 577 3124 autem
599 3058 762 3146 excipitur
784 3055 987 3144 econchylio
1003 3057 1146 3140 marino,
1170 3077 1265 3142 equo
1287 3078 1432 3142 purpura

313 3158 475 3242 conficitur,
509 3159 600 3224 cuius
627 3181 693 3225 non
720 3159 861 3223 minores
888 3168 964 3223 sunt
993 3180 1089 3245 quam
1117 3166 1297 3222 ceterarum
1323 3159 1431 3222 rerum

827 3287 840 3316 ἱ

370 3400 424 3451 lut
441 3402 601 3453 inarescant
618 3398 714 3452 aridam
734 3398 780 3451 0⁶:
808 3401 850 3450 uti
873 3414 955 3449 nares
978 3397 1143 3449 cantaridac
1165 3398 1246 3449 ΕΘΗ
1262 3397 1303 3463 (L,
1323 3400 1365 3449 uti
1381 3415 1430 3449 na-

319 3525 351 3564 res
364 3518 497 3586 crulande
514 3519 553 3582 ct,
572 3522 604 3569 ut
615 3479 847 3583 inarescandeuie
859 3516 889 3583 l).
906 3513 949 3584 112
967 3520 1057 3566 urcei:
1076 3518 1113 3567 sic
1126 3516 1211 3568 ΕΘΗ.
1232 3512 1244 3583 Ι)
1264 3517 1292 3566 in
1305 3518 1429 3570 fornace.

278 3653 286 3662 ,
318 3596 485 3654 simulantem
502 3618 561 3666 epo:
588 3602 733 3654 inlomace
751 3603 788 3654 sit
806 3606 855 3653 aut
872 3601 922 3652 EG
940 3599 1002 3664 (hc).
1025 3601 1170 3651 iniornacc
1190 3598 1263 3670 [-co
1281 3599 1304 3666 o]
1329 3602 1383 3651 sita
1401 3606 1431 3652 ut

318 3677 393 3747 Mel,
409 3688 641 3739 inforuacesitaut
657 3690 673 3745 1,
691 3687 852 3738 inforuaces
870 3688 911 3737 ita
928 3691 959 3735 ut
975 3686 1021 3750 L).
1045 3681 1057 3752 Ι)
1079 3688 1096 3736 4
1114 3685 1269 3737 coaluerint
1286 3701 1344 3751 epo:
1370 3703 1431 3736 cum

318 3763 429 3839 &Insunt
447 3786 478 3853 (a
494 3804 575 3853 supra
597 3803 648 3840 scr.
669 3804 712 3852 pr.
734 3788 777 3851 m.)
800 3788 838 3846 E,
862 3803 922 3838 cum
945 3778 1105 3837 coarucriht
1127 3786 1180 3838 GH
1200 3784 1257 3851 (ΕΙ,
1281 3803 1340 3837 cum
1365 3801 1431 3850 quo-

316 3872 416 3924 meunt
430 3872 483 3938 cll).
505 3868 525 3939 Ι)
541 3873 557 3923 5
573 3873 656 3923 rebus
674 3869 720 3935 (cs.
737 3887 764 3936 p.
784 3874 841 3933 177,
861 3874 878 3922 3
896 3870 971 3935 ειο.);
989 3873 1028 3921 stc
1045 3871 1126 3921 ΕΘΗ
1140 3867 1215 3936 (fort.
1232 3870 1359 3934 viribus).
1380 3868 1391 3935 ΙΙ
1415 3873 1430 3920 6

316 3950 427 4009 confectis
449 3956 534 4008 Rode:
563 3955 684 4007 confecti
700 3956 793 4007 ΕΘΗ.
816 3951 828 4026 Ι)
851 3954 945 4007 8silis
963 3956 1021 4007 Joc.
1040 3953 1129 4019 (rec.):
1155 3954 1220 4004 cilix
1236 3954 1268 4003 Η
1288 3951 1369 4015 (Mc),
1392 3954 1429 4003 si-

315 4022 393 4096 ll¹l01t
408 4048 466 4093 ante
482 4057 553 4095 corr.
566 4040 597 4104 Θ,
614 4039 702 4091 silicis
720 4040 745 4090 E
763 4038 832 4107 (6⁶).
855 4036 868 4106 Ι)
890 4039 955 4106 igue
972 4039 1007 4092 E.
1030 4034 1042 4105 ΙΙ
1066 4040 1095 4088 11
1114 4037 1211 4089 rhodo:
1232 4039 1269 4087 sic
1286 4036 1368 4087 ΕΘΗ
1383 4034 1431 4100 (cs.

313 4119 398 4184 o182,
414 4126 450 4191 9).
471 4123 484 4193 Ι)
508 4127 539 4176 12
557 4124 630 4176 enim
647 4123 735 4175 doleis
761 4124 847 4175 ΕΘΗ.
870 4120 883 4189 Ι)
905 4127 1045 4175 sarmenta
1064 4121 1241 4173 conlocantes
1264 4157 1313 4172 ...
1340 4120 1430 4171 conlo·

315 4206 376 4256 ⁰⁸¹¹&
398 4212 434 4261 u'e
451 4210 538 4261 ΕΘΗ.
562 4206 575 4276 ΙΙ
598 4212 630 4261 13
647 4208 746 4260 deinde
764 4223 798 4258 ea
815 4208 954 4273 operculis
973 4207 1120 4274 (operculis
1139 4222 1173 4256 ea
1190 4205 1241 4267 E):
1259 4206 1297 4255 sio
1313 4204 1400 4257 ΕΘΗ.
1414 4200 1427 4271 tl

311 4278 338 4330 '¹4
351 4290 473 4346 obturata
490 4295 620 4344 emittant
636 4295 692 4345 eda
710 4294 867 4344 obturatum
879 4293 1021 4343 emittatur
1037 4291 1124 4342 ΕΘΗ.
1146 4286 1158 4355 Ι)
1181 4293 1288 4354 tempus
1305 4304 1352 4339 om.
1370 4292 1402 4338 lc.
1415 4287 1427 4355 ))

315 4362 338 4414 ¹⁵
351 4380 501 4443 aporiantes
521 4380 542 4430 Θ
560 4377 621 4441 (uon
638 4376 684 4443 Ε).
707 4377 719 4444 1)
741 4377 860 4444 plumbis
879 4378 901 4427 Θ
920 4375 980 4441 (non
999 4374 1043 4439 Ε).
1066 4371 1078 4440 1)
1102 4376 1133 4424 16
1152 4388 1265 4424 caereus
1283 4379 1342 4424 onte
1360 4389 1429 4426 corr.

316 4446 395 4518 Giton
413 4463 458 4529 Ε).
475 4459 487 4530 Ι)
504 4464 536 4515 18
554 4462 683 4513 incendio
695 4462 786 4516 Sala:
805 4461 916 4513 incendi
933 4462 965 4510 H
973 4458 1031 4524 (L),
1050 4457 1173 4509 incendii
1185 4457 1234 4508 ΕΘ
1252 4456 1305 4521 (lc).
1322 4452 1334 4523 Ι)
1350 4471 1428 4507 scan-

314 4531 397 4597 llrcca
409 4548 432 4599 Θ
445 4545 506 4613 (non
517 4546 563 4614 E).
588 4543 600 4614 ΙΙ
621 4549 655 4597 22
672 4546 734 4597 hos:
754 4563 784 4598 os
802 4547 839 4599 Η.
863 4542 875 4612 l}
898 4547 930 4596 23
950 4543 1110 4607 econchylio
1127 4543 1160 4591 Η
1175 4539 1258 4606 (Lis),
1278 4540 1429 4591 econchilio

315 4618 363 4680 (ἰὰ
375 4631 512 4683 conchilio
524 4631 557 4683 Ε.
577 4628 589 4699 Ι)
609 4633 642 4681 24
654 4630 796 4682 conficitur
813 4626 1052 4694 (efficiturMar.):
1071 4625 1193 4677 inficitur
1209 4626 1295 4677 ΕΘΗ.
1312 4622 1324 4693 Ι)
1340 4640 1429 4677 rerum

312 4708 356 4768 tid.
370 4717 427 4772 Joc.
444 4714 515 4783 (pore
532 4719 685 4770 ceterarum
702 4713 790 4768 collon.
809 4712 902 4779 Man).
