3984 5825
591 673 652 737 172
1079 687 1235 735 v1rauv11

1517 792 1529 815 1

546 855 570 903 v
674 840 799 905 Ceteris
822 838 1032 905 conclavibus
1055 839 1091 903 id
1113 850 1162 903 est
1184 841 1293 904 vernis
1316 839 1556 905 autumnalibus
1579 843 1730 925 aestivis,
1752 857 1763 901 1

589 945 686 1006 etiam
713 943 806 1007 atriis
835 951 867 1004 et
899 940 1080 1028 peristyliis
1111 940 1307 1006 constitutae
1339 952 1415 1007 sunt
1446 943 1488 1006 ab
1515 944 1660 1030 antiquis
1690 965 1731 1007 ex

589 1047 686 1110 certis
719 1045 816 1108 rebus
851 1052 958 1107 certae
991 1045 1133 1108 rationes
1166 1045 1375 1131 picturarum.
1430 1067 1570 1132 namque
1602 1048 1733 1133 pictura

589 1149 696 1231 imago
718 1147 755 1210 fit
778 1148 847 1210 eins
870 1144 956 1232 quod
985 1155 1035 1210 est
1056 1169 1114 1230 seu
1136 1155 1244 1232 potest
1267 1167 1353 1228 esse,
1381 1147 1430 1210 uti
1453 1146 1593 1212 hominis
1616 1148 1731 1212 aedifi·

554 1250 632 1312 soii
659 1249 753 1312 navis
781 1246 1043 1333 reliquarumque
1071 1270 1195 1330 rerum,
1230 1269 1247 1311 e
1274 1269 1410 1333 quarum
1436 1247 1538 1312 finitis
1566 1251 1732 1335 certisque

588 1348 778 1437 corporibus
806 1349 944 1434 figurata
974 1349 1188 1414 similitudine
1216 1359 1388 1414 sumuntur
1416 1348 1574 1436 exempla.
1626 1372 1669 1414 ex
1693 1372 1730 1416 eo

588 1453 715 1538 antiqui
743 1452 799 1537 qui
832 1452 927 1516 initia
959 1450 1214 1536 expolitionibus
1247 1453 1457 1516 instituerunt
1495 1451 1616 1516 imitati
1652 1462 1731 1517 sunt

588 1557 729 1641 primum
751 1562 931 1617 crustarum
953 1575 1204 1645 marmorearum
1226 1554 1401 1618 varietates
1418 1562 1456 1643 'et
1478 1552 1730 1638 conlocationes,

589 1656 707 1721 deinde
735 1676 926 1720 coronarum
955 1664 987 1720 et
1019 1653 1211 1720 silaceorum
1239 1676 1413 1719 cuneorum
1444 1654 1530 1718 inter
1557 1677 1593 1718 se
1620 1648 1730 1720 varias

542 1770 572 1818 10
590 1758 849 1824 distributiones.
899 1766 1012 1842 postea
1032 1757 1182 1842 ingressi
1210 1765 1285 1820 eunt
1311 1765 1348 1821 ut
1380 1757 1478 1820 etiam
1506 1755 1763 1822 aedificioruma

587 1861 725 1946 figuras,
759 1857 982 1924 columnarum
1016 1867 1048 1923 et
1081 1858 1287 1944 fastigiorum
1319 1859 1497 1923 eminentes
1529 1860 1731 1945 proiecturas

589 1964 809 2042 imitarentur,
832 1959 1021 2046 patentibus
1041 1970 1148 2025 autem
1171 1958 1251 2025 locis
1272 1961 1320 2024 uti
1350 1960 1479 2024 exedris
1507 1970 1641 2046 propter
1664 1983 1731 2025 am-

588 2064 765 2152 plitudines
781 2064 941 2149 parietum
954 2084 1145 2126 scaenarum
1160 2061 1283 2131 frontes
1297 2063 1423 2147 tragico
1434 2083 1524 2126 more
1535 2070 1593 2127 aut
1608 2065 1732 2130 comico

589 2190 646 2232 seu
674 2167 816 2252 satyrico
838 2164 1072 2250 designarent,
1096 2163 1336 2229 ambulationes
1358 2186 1437 2228 vero
1464 2173 1599 2251 propter
1625 2167 1734 2253 spatia

539 2281 570 2329 15
589 2268 805 2353 longitudinis
822 2266 1037 2331 varietatibus
1059 2267 1222 2352 topiorum
1237 2275 1388 2331 ornarent
1409 2264 1451 2329 ab
1467 2267 1563 2330 certis
1585 2264 1734 2331 locorum

588 2369 844 2458 proprietatibus
866 2369 1025 2453 imagines
1042 2371 1272 2455 exprimentes.
1315 2369 1494 2455 pinguntur
1509 2368 1596 2431 enim
1616 2378 1734 2455 portus

589 2472 811 2559 promuntoria
845 2468 941 2534 litora
973 2469 1108 2535 flumina
1135 2470 1241 2534 fontes
1269 2470 1375 2556 euripi
1407 2468 1489 2532 fana‘
1510 2468 1576 2534 luci
1603 2480 1733 2535 montes

589 2578 706 2662 peoora
733 2583 897 2659 pastores,
925 2572 1090 2637 nonnullis
1118 2570 1196 2637 locis
1224 2573 1303 2636 item
1332 2572 1502 2655 signantur
1528 2570 1733 2657 megalogra-

589 2677 684 2764 phiae
712 2675 868 2738 habentes
896 2672 1030 2738 deorum
1052 2673 1233 2738 simulacra.
1256 2696 1313 2738 seu
1339 2672 1523 2739 tabidarum
1552 2672 1733 2761 dispositas

538 2789 572 2838 ‘20
590 2777 841 2864 explicationes,
871 2798 937 2840 non
958 2777 1065 2840 minus
1089 2775 1247 2841 Troianas
1275 2797 1401 2863 pugnas
1429 2797 1487 2838 seu
1509 2773 1620 2840 Ulixis
1646 2798 1732 2840 erra·

588 2883 693 2947 tiones
716 2902 775 2967 per
796 2878 896 2965 topia,
920 2887 1090 2965 ceteraque
1113 2899 1195 2965 quae
1217 2888 1293 2943 sunt
1315 2899 1426 2944 eorum
1448 2875 1609 2943 similibus
1631 2879 1732 2944 ratio-

589 2985 686 3047 nibus
709 2983 753 3046 ab
777 3003 887 3045 rerum
908 2975 1024 3044 natura
1054 2990 1235 3067 procreata.
1279 2980 1338 3045 sed
1366 2981 1446 3046 haec
1473 3000 1555 3066 quae
1578 3002 1621 3045 ex
1645 2982 1763 3046 Verisa

657 3142 672 3188 2
691 3138 834 3203 peristylia
851 3138 880 3187 H
898 3135 947 3200 (ct,
966 3137 1108 3201 perystilie
1125 3144 1184 3187 ante
1201 3110 1270 3187 iffi
1289 3139 1321 3197 L,
1340 3136 1491 3203 perystiliis
1509 3137 1558 3196 Β,
1577 3136 1734 3202 peristyliis

589 3224 637 3287 110),
656 3222 789 3288 peristilis
803 3224 832 3273 G.
849 3219 861 3288 ll
879 3237 913 3271 ex
932 3222 1017 3272 certis
1033 3222 1104 3273 lon:
1125 3227 1153 3272 et
1170 3221 1254 3271 certis
1274 3222 1324 3271 GH
1341 3220 1407 3281 (Lea
1424 3228 1450 3271 et
1466 3225 1495 3280 lc,
1514 3219 1537 3270 ir
1555 3221 1657 3270 ceteris
1673 3229 1732 3271 ante

589 3324 658 3359 corr.
677 3306 705 3370 l).
727 3304 739 3371 ΙΙ
762 3310 778 3357 3
797 3306 1012 3371 certerationes
1032 3306 1054 3355 G
1076 3303 1148 3369 (L⁶):
1172 3306 1375 3356 eaeterationes
1399 3305 1427 3354 H
1448 3303 1649 3369 (eeterationes
1667 3308 1690 3355 lc
1708 3313 1733 3355 et

590 3399 649 3440 ante
667 3406 735 3439 corr.
754 3388 799 3456 L).
823 3387 835 3456 ΙΙ
857 3388 1068 3455 411010811Ξεῖ
1088 3391 1110 3440 G
1128 3389 1192 3453 (cum
1208 3405 1310 3447 rasura,
1328 3392 1355 3439 in
1373 3405 1422 3456 qua
1439 3390 1539 3439 uidetur
1552 3389 1636 3459 [uisse
1655 3387 1697 3451 ir).
1719 3384 1730 3452 ll

589 3475 707 3525 hominis
726 3473 845 3525 aedificii
862 3477 943 3525 navis
960 3476 1031 3526 loca
1055 3475 1179 3526 homines
1196 3472 1324 3525 aedificis
1341 3471 1456 3539 (edifitia
1476 3473 1508 3535 G)
1526 3488 1614 3523 naves
1639 3474 1698 3526 GH.
1717 3469 1730 3540 ll

589 3557 710 3608 ofinitis
728 3559 814 3608 Man:
832 3558 904 3607 finiis
924 3559 944 3608 G
961 3559 1024 3621 (sie,
1043 3557 1187 3621 nantinus,
1206 3561 1255 3609 sed
1275 3560 1302 3608 in
1319 3575 1399 3625 morp.
1417 3559 1430 3607 ῑ
1447 3557 1477 3607 al
1493 3556 1621 3621 finibus),
1640 3557 1731 3608 finibis

589 3644 618 3692 H
635 3641 746 3704 (finibus
765 3641 833 3705 Lis).
857 3637 869 3708 ll
896 3645 1091 3709 terrenarum
1119 3648 1147 3693 et
1172 3642 1335 3694 silaeeorum
1360 3643 1633 3708 (miniaeeorumque)
1659 3644 1731 3693 loe:

590 3740 751 3777 coronarum
768 3726 941 3776 siliculorum
954 3728 1013 3778 GH.
1031 3724 1043 3793 ΙΙ
1058 3729 1131 3778 inter
1149 3729 1273 3777 sevariss
1291 3730 1321 3777 H
1333 3727 1366 3791 (e,
1379 3730 1453 3778 inter
1471 3742 1500 3778 se
1516 3727 1612 3777 varias
1625 3727 1730 3793 Medd:

560 3866 564 3873 ⁴
589 3813 693 3862 interae
711 3826 740 3861 se
757 3812 850 3862 varias
870 3817 900 3866 G.
923 3807 935 3878 ΙΙ
959 3814 990 3861 11
1009 3811 1195 3862 columnarum
1213 3817 1254 3863 et:
1272 3814 1310 3863 sie
1323 3813 1382 3864 GH.
1399 3809 1411 3880 ΙΙ
1426 3812 1599 3877 proiecturas
1614 3812 1650 3864 G:
1669 3827 1729 3878 pro·

589 3894 710 3947 lecturas
728 3897 757 3946 H
775 3894 855 3960 (hle),
878 3892 891 3962 ΙΙ
914 3898 946 3947 12
964 3897 1139 3947 imitarentur
1155 3898 1224 3950 doe:
1243 3898 1383 3948 imitentur
1401 3897 1431 3946 H
1447 3894 1563 3961 (Gonu),
1582 3896 1729 3948 iminentes

588 3989 648 4032 ante
665 3998 734 4033 corr.
755 3984 783 4036 G.
806 3977 819 4047 ll
845 3981 916 4032 loeis
934 3983 975 4032 uti
999 3982 1128 4032 exhedris
1153 3982 1203 4033 GH
1226 3982 1285 4048 (L):
1305 3982 1375 4033 loeis
1388 3981 1498 4032 exedris
1510 3985 1541 4031 le.
1566 3977 1580 4049 ll
1602 3981 1731 4047 amplitu-

589 4066 680 4119 dines:
701 4068 740 4116 rie
759 4067 817 4117 GH.
839 4062 852 4133 ΙΙ
877 4067 908 4116 14
931 4066 1134 4117 ambulationes
1151 4068 1236 4118 Rode:
1260 4065 1495 4118 ambulationibus
1519 4066 1577 4116 GH.
1601 4062 1615 4133 ΙΙ
1640 4068 1671 4117 15
1693 4067 1727 4116 ab

572 4153 674 4202 'camis
695 4153 750 4204 ed:
782 4150 904 4201 adoertis
932 4153 983 4202 GH
1008 4148 1054 4216 (L,
1079 4153 1181 4202 aeertis
1208 4149 1252 4217 lc).
1275 4147 1287 4219 ΙΙ
1317 4153 1347 4201 1‘1
1369 4150 1559 4218 promunturia
1583 4152 1637 4202 GH
1659 4149 1729 4216 (pro-

589 4237 744 4286 munetnria
764 4237 805 4299 Gc,
823 4237 1028 4301 promunctoria
1047 4237 1098 4297 hle,
1125 4238 1314 4303 promuntoria
1339 4236 1381 4299 lc).
1414 4232 1425 4302 ΙΙ
1454 4235 1635 4300 eurypi'GH.
1664 4232 1676 4302 11
1699 4237 1729 4285 18

588 4320 728 4372 nonnullis
746 4323 801 4372 ed:
824 4320 947 4372 nonnulli
967 4321 1026 4376 GH.
1049 4318 1060 4388 ΙΙ
1083 4322 1158 4372 loeis.
1185 4323 1256 4373 Item
1276 4322 1334 4375 GH.
1357 4317 1369 4387 ll
1392 4320 1536 4386 signantur
1553 4336 1600 4385 epo
1626 4317 1729 4385 (signa-

588 4410 651 4456 rent
667 4405 801 4469 Meister):
820 4407 958 4473 signorum
977 4407 1038 4457 GH.
1060 4403 1072 4472 ss
1095 4406 1339 4471 megalographise
1358 4403 1602 4469 MalienStrrtbiny:
1622 4404 1730 4469 megalo

589 4490 733 4555 graphium
751 4491 783 4540 H
801 4489 862 4556 (L),
880 4491 989 4556 melego
1011 4490 1153 4558 graphium
1173 4492 1194 4542 G
1213 4491 1255 4555 (lc,
1272 4494 1321 4542 sed
1338 4491 1372 4541 G⁶
1389 4490 1401 4538 i
1419 4488 1450 4538 ai
1466 4490 1591 4555 megalo,
1615 4493 1730 4554 copulam

589 4576 650 4625 add.
670 4573 763 4638 lest).
783 4571 796 4641 [Ι
819 4578 851 4628 19
868 4577 1016 4627 habentes:
1033 4578 1071 4627 sie
1091 4576 1150 4629 GH.
1173 4571 1187 4643 [1
1208 4579 1241 4626 20
1259 4575 1341 4626 ulixis
1360 4576 1382 4625 G
1399 4573 1479 4638 (Ιλο),
1497 4574 1596 4623 ulixsis
1615 4575 1652 4624 H.
1669 4569 1682 4640 ΙΙ
1697 4575 1728 4622 21

589 4658 715 4722 pertopia
739 4659 789 4709 GH
809 4657 852 4724 (L,
870 4661 1003 4726 percopia
1020 4661 1065 4727 te).
1087 4657 1099 4727 ΙΙ
1124 4663 1156 4711 22
1174 4661 1249 4711 veris
1271 4675 1336 4713 reo:
1360 4657 1457 4711 vteris
1481 4660 1513 4709 H
1531 4656 1647 4721 (veteris
1669 4659 1729 4721 Lo),

588 4742 728 4793 veteribus
747 4744 776 4793 G.
1573 4757 1577 4762 ·
