3984 5825
531 697 593 762 218
1021 717 1178 766 vrrsuvn

531 869 626 933 sicuti
656 868 788 933 deorum
817 871 865 933 sic
893 868 993 934 Ennii
1026 881 1140 957 poetae
1168 870 1386 937 simulacrum.
1437 873 1531 937 Accii
1568 884 1680 939 autem

531 971 729 1034 carminibus
752 972 807 1056 qui
829 971 975 1035 studiose
997 972 1201 1037 delectantur
1220 997 1284 1038 non
1308 974 1403 1039 modo
1419 974 1596 1040 verborum
1611 977 1678 1040 vir-

530 1082 616 1136 tutes
645 1072 702 1136 sed
731 1075 830 1137 etiarn
856 1073 995 1158 figuram
1023 1076 1092 1139 eius
1116 1074 1270 1140 videntur
1297 1098 1407 1140 secum
1434 1075 1557 1142 habere
1585 1099 1678 1163 prae-

530 1183 665 1238 sentem.
710 1175 788 1238 item
810 1175 919 1262 plures
941 1186 1017 1263 post
1038 1186 1184 1242 nostram
1198 1179 1387 1242 memoriam
1409 1188 1582 1243 nascentes
1605 1202 1681 1244 cum
1700 1194 1729 1242 17

496 1290 511 1338 ὁ
529 1277 682 1342 Lucretio
706 1276 906 1342 videbuntur
927 1276 1018 1343 velut
1041 1300 1149 1343 coram
1172 1279 1213 1343 dc
1234 1302 1344 1344 rerum
1358 1290 1476 1345 natiue
1494 1281 1679 1368 disputare,

529 1380 571 1444 de
593 1389 663 1444 arte
685 1401 764 1443 vero
785 1380 948 1445 rhetorica
969 1403 1042 1444 cum
1063 1381 1237 1464 Cicerone,
1259 1381 1353 1447 multi
1375 1393 1581 1470 posterorum
1604 1405 1680 1447 cum

528 1483 676 1546 Varrone
708 1480 875 1546 conferent
904 1504 1085 1546 sermonem
1116 1483 1157 1547 de
1190 1482 1302 1568 lingua
1323 1482 1439 1566 latina,
1474 1508 1541 1549 non
1568 1486 1679 1550 minus

529 1585 627 1648 etiam
660 1581 769 1669 plures
802 1582 960 1670 philologi
999 1606 1072 1647 cum
1105 1584 1303 1650 Graecorum
1334 1585 1540 1672 sapientibus
1574 1585 1680 1650 multa

529 1682 747 1749 deliberantes
775 1694 917 1750 secretos
945 1708 1018 1750 cum
1045 1686 1096 1751 his
1125 1686 1324 1752 videbuntur
1352 1687 1474 1751 habere
1495 1709 1678 1771 sermoneS,

480 1803 510 1849 10
528 1796 560 1851 et
587 1786 629 1850 ad
658 1809 816 1852 summam
838 1789 1033 1874 sapientium
1057 1789 1251 1876 scriptorum
1273 1790 1454 1854 sententiae
1482 1790 1679 1877 corporibus

529 1887 721 1962 absentibus
750 1898 913 1954 vetustate
940 1890 1092 1955 florentes
1121 1914 1193 1955 cum
1223 1893 1334 1955 insunt
1360 1892 1446 1956 inter
1474 1891 1616 1957 consilia
1647 1900 1678 1956 et

528 1991 775 2080 disputationes,
799 1993 936 2058 maiores
959 1992 1081 2057 habent
1103 2015 1200 2080 quam
1222 1994 1442 2080 praesentium
1465 2003 1543 2058 sunt
1563 2004 1678 2059 aucto-

526 2094 641 2159 ritates
665 2115 787 2159 omnes.
829 2096 950 2181 itaque,
974 2093 1106 2178 Caesar,
1126 2095 1177 2159 his
1191 2093 1377 2159 auctoribus
1400 2093 1502 2159 fretus
1519 2095 1677 2160 sensibus
1697 2110 1727 2160 18

528 2219 637 2262 eorum
659 2195 818 2260 adhibitis
842 2205 873 2260 et
896 2195 1040 2260 consiliis
1064 2219 1102 2260 ea
1123 2196 1290 2262 volumina
1311 2197 1505 2283 conscripsi,
1531 2205 1564 2261 et
1586 2199 1676 2282 prio·

479 2315 509 2362 15
527 2298 618 2362 ribus
642 2309 766 2385 septem
790 2298 831 2361 de
852 2295 1021 2381 aedificiis,
1046 2308 1161 2363 octavo
1184 2297 1225 2362 de
1247 2299 1356 2384 aquis,
1386 2298 1422 2362 in
1443 2297 1504 2361 hoc
1528 2297 1570 2362 de
1593 2321 1676 2383 gno-

527 2401 662 2465 monicis
690 2399 872 2464 rationibus
900 2399 1172 2486 quemadmodum
1194 2399 1236 2464 de
1261 2400 1363 2465 radiis
1386 2398 1463 2463 solis
1490 2401 1528 2463 in
1549 2401 1676 2465 mundo

527 2513 602 2566 sunt
635 2524 694 2590 per
721 2501 855 2567 umbras
888 2502 1059 2587 gnomonis
1086 2503 1240 2565 inventae
1272 2501 1454 2588 quibusque
1487 2502 1675 2568 rationibus

526 2603 705 2669 dilatentur
726 2615 782 2668 aut
805 2604 1039 2668 contrahantur
1061 2601 1241 2690 explicabo.

476 2722 513 2772 lv
612 2707 661 2771 Ea
681 2715 790 2771 autem
818 2715 893 2770 sunt
921 2705 1036 2770 divina
1056 2714 1164 2769 mente
1186 2713 1369 2792 comparata
1399 2702 1587 2791 habentque
1610 2707 1670 2770 ad·
1691 2714 1727 2781 (1)

475 2811 731 2876 admirationem
751 2830 902 2893 magnam
923 2806 1223 2888 considerantibus,
1253 2805 1339 2892 quod
1359 2805 1474 2870 umbra
1494 2809 1674 2890 gnomonis

525 2909 772 3001 aequinoctialis
795 2909 860 2975 alia
884 2908 1106 2996 magnitudine
1128 2920 1177 2974 est
1197 2901 1335 2973 Athenis
1358 2906 1423 2971 alia
1443 2905 1675 2973 Alexandriae

527 3015 592 3080 alia
614 3016 736 3081 Romae
758 3036 823 3078 non
846 3013 960 3076 eadem
980 3010 1167 3076 Placentiae
1189 3012 1369 3096 ceterisque
1391 3009 1478 3074 orbis
1505 3019 1674 3075 terrarum

525 3117 617 3183 locis.
661 3119 771 3204 itaque
793 3115 889 3200 longe
911 3114 1005 3179 aliter
1027 3114 1150 3178 distant
1171 3112 1402 3199 descriptiones
1425 3110 1674 3198 horologiorum

525 3219 670 3285 locorum
684 3217 931 3282 mutationibus.
972 3216 1160 3280 umbrarum
1175 3217 1261 3279 enirn
1276 3210 1561 3301 aequinoctialium
1577 3237 1673 3299 mag·

475 3340 508 3386 ‘25
527 3319 733 3383 nitudinibus
763 3318 978 3401 designantur
1010 3315 1297 3381 analemmatorum
1329 3315 1467 3397 formae,
1501 3336 1522 3377 e
1548 3316 1672 3402 quibus

523 3418 735 3502 perficiuntur
750 3417 792 3478 ad
814 3418 973 3480 rationem
995 3417 1138 3482 locorum
1154 3428 1186 3483 ct
1207 3417 1340 3483 umbrae
1353 3437 1550 3501 gnomonum
1572 3416 1671 3483 hora-

523 3536 595 3576 rum
617 3513 862 3595 descriptiones.
908 3521 1086 3598 αναλημμα
1108 3530 1157 3581 est
1178 3521 1262 3585 ratio
1277 3518 1458 3605 conquisita
1473 3515 1671 3603 soliscursu

524 3620 556 3671 et
582 3609 717 3670 umbrae
744 3612 919 3673 crescentis
947 3613 990 3673 ad
1024 3616 1171 3680 brumam
1207 3621 1432 3686 observatione
1464 3620 1620 3703 inventa,
1652 3643 1671 3684 e

522 3728 586 3790 qua
613 3727 672 3792 per
693 3708 834 3771 rationes
857 3712 1127 3779 architectonicas
1152 3720 1329 3810 circinique
1350 3720 1588 3807 descriptiones
1619 3731 1671 3785 est

521 3846 748 3857 -—--.-.

520 3910 591 3960 doc:
613 3911 757 3964 dedicatas
774 3915 861 3965 EGH.
882 3912 895 3982 ΙΙ
918 3919 931 3965 1
951 3919 1016 3967 enni
1033 3920 1069 3970 H.
1091 3917 1103 3987 ΙΙ
1125 3926 1187 3975 acci
1205 3937 1264 3978 ante
1281 3944 1350 3980 corr.
1368 3928 1403 3982 Ε.
1423 3922 1436 3990 ΙΙ
1455 3930 1471 3979 3
1487 3933 1668 3992 praesentem

522 4009 592 4046 esse.
619 3997 688 4045 Item
707 3997 787 4049 EGH
803 3997 875 4063 (esse
894 4002 942 4053 del,
961 4000 1040 4067 doc).
1064 4001 1076 4071 ΙΙ
1105 4009 1135 4057 15
1159 4016 1278 4075 septem:
1301 4013 1354 4062 VII
1373 4011 1428 4061 EG.
1452 4008 1465 4076 ΙΙ
1491 4013 1667 4077 gnomonicis

523 4079 572 4126 GH
592 4081 670 4143 (Llc),
690 4084 824 4146 gnomicis
842 4084 875 4134 E.
895 4082 908 4151 ΙΙ
932 4088 962 4135 17
980 4090 1123 4152 gnomonis
1141 4093 1221 4144 ΕΘΗ
1233 4093 1275 4158 (L,
1289 4096 1425 4160 gnominis
1436 4095 1479 4158 lc).
1502 4091 1515 4161 Η
1539 4097 1572 4145 19
1593 4112 1667 4147 com·

520 4164 618 4223 parati
644 4172 703 4214 ante
729 4183 783 4216 ros.
814 4169 843 4218 G.
868 4165 880 4234 ll
908 4172 942 4220 20
968 4174 1105 4236 gnominis
1130 4178 1161 4228 tc.
1190 4174 1201 4242 Η
1229 4181 1261 4228 23
1289 4180 1493 4243 descriptiones
1521 4179 1583 4229 EG:
1619 4181 1668 4230 de·

519 4244 624 4309 scrip(b
637 4249 760 4312 Hltionis
778 4253 808 4300 H
825 4250 905 4319 (Llc).
926 4250 939 4320 Η
958 4257 991 4305 25
1009 4258 1034 4305 si
1051 4264 1109 4307 onte
1127 4259 1310 4325 designantur
1326 4265 1486 4314 inserendam
1501 4280 1586 4329 supra
1604 4268 1667 4316 add.

521 4327 562 4384 (1¹⁶,
581 4332 640 4393 quia
656 4334 683 4380 in
700 4335 729 4382 H
747 4334 784 4397 (et
801 4344 860 4386 ante
878 4353 946 4389 corr.
964 4340 991 4388 in
1008 4339 1033 4402 c)
1056 4357 1147 4392 errore
1164 4348 1286 4409 scriptum
1304 4354 1343 4397 est
1363 4349 1401 4397 sie
1419 4347 1667 4414 desidesignantnr

520 4409 580 4469 (non
597 4415 623 4461 in
641 4416 694 4477 Li).
717 4414 730 4483 fl
752 4420 1007 4472 analemmatorum:
1025 4428 1063 4475 at’c
1080 4426 1166 4477 EGH.
1190 4425 1202 4493 Η
1226 4431 1351 4495 equibus:
1369 4433 1407 4482 sic
1424 4432 1511 4485 EGH.
1535 4428 1547 4498 ΙΙ
1572 4435 1667 4485 2610-

520 4508 610 4543 corum
620 4498 661 4546 tc:
674 4500 788 4565 longo(a
797 4504 892 4565 E)rum
902 4507 981 4558 EGH
987 4506 1081 4571 (Llcit).
1096 4505 1109 4575 ll
1119 4516 1256 4574 gnomonis
1266 4514 1328 4565 EG:
1341 4518 1490 4581 gnomoniir
1502 4518 1530 4566 H
1539 4513 1667 4580 (-nium

520 4576 586 4636 Ltc).
608 4574 620 4642 Η
641 4582 928 4653 tristissimae)
954 4591 1016 4648 GH,
1040 4608 1175 4643 ansanus
1200 4597 1225 4646 Ε
1248 4599 1416 4659 (ausaausa
1439 4602 1477 4664 h,
1503 4616 1666 4653 crassiana

518 4658 558 4719 ch,
577 4676 648 4709 -na
667 4667 694 4720 1).
718 4664 730 4729 ΙΙ
753 4670 785 4717 28
804 4671 839 4719 ad
856 4673 979 4723 brumam
997 4692 1056 4739 epo:
1077 4677 1207 4729 abrumae
1225 4684 1254 4730 H
1273 4683 1305 4745 (c,
1323 4700 1401 4750 ——mp
1418 4684 1473 4748 hl),
1492 4687 1610 4739 abrume
1629 4689 1664 4745 E,

518 4740 633 4808 abruine
652 4747 674 4795 G
692 4747 759 4810 (sic).
