3984 5825
441 662 502 725 180
926 640 1085 725 vrrnulur

406 846 430 893 x
527 828 700 913 Ingrediar
721 850 808 892 nunc
829 829 872 892 ad
895 851 932 891 ea
955 806 1038 915 quae
1060 851 1101 894 ex
1122 829 1196 894 aliis
1219 816 1394 914 generibus
1415 833 1617 895 tractatio-1

439 954 516 993 num
540 933 769 1017 temperaturis
791 928 989 995 commutata
1010 933 1173 1017 recipiunt
1188 930 1330 995 colorum
1352 933 1584 1018 proprietates,

440 1042 472 1096 et
502 1034 642 1118 primurn
665 1055 827 1120 exponam
849 1033 890 1096 de
911 1042 1108 1115 atramento,
1138 1033 1230 1096 cuius
1259 1056 1337 1096 usus
1366 1037 1400 1098 in
1428 1034 1585 1119 operibus

438 1129 573 1220 magnas
593 1135 692 1198 habet
706 1136 929 1218 necessitates,
952 1144 989 1198 ut
1011 1136 1077 1198 sint
1090 1144 1187 1198 notae
1202 1135 1474 1221 quemadmodum
1489 1157 1584 1222 prae·

403 1247 591 1323 operentur
620 1237 718 1300 certis
745 1236 926 1300 rationibus
954 1236 1167 1300 artificiorum
1193 1236 1236 1300 ad
1266 1235 1302 1300 id
1330 1246 1583 1323 temperaturae.

440 1359 579 1424 namque
612 1338 803 1402 aedificatur
833 1337 923 1402 locus
950 1339 1001 1402 uti
1032 1336 1212 1403 laconicum
1240 1347 1273 1402 et
1305 1338 1470 1425 expolitur
1497 1356 1618 1403 mar-a

437 1463 525 1504 more
554 1438 720 1504 subtiliter
747 1448 780 1502 et
807 1439 981 1525 levigatur.
1004 1524 1007 1529 .
1029 1449 1105 1504 ante
1132 1440 1167 1503 id
1196 1440 1234 1504 fit
1260 1440 1429 1505 fornacula
1456 1440 1584 1503 habens

436 1545 471 1606 in
497 1541 679 1605 laconicum
706 1562 818 1623 nares,
852 1551 884 1606 et
912 1544 982 1605 eius
1009 1542 1233 1628 praefurnium
1260 1565 1378 1628 magna
1405 1541 1583 1626 diligentia

436 1644 660 1729 comprimitur
687 1665 728 1706 ne
755 1642 885 1706 flamma
907 1652 1001 1708 extra
1023 1642 1210 1730 dissipetur.
1255 1646 1290 1708 in
1318 1644 1451 1709 fornace
1473 1645 1584 1706 resina

370 1735 420 1808 '10
437 1745 634 1809 conlocatur.
678 1746 762 1809 hanc
781 1754 890 1809 autem
911 1746 998 1829 ignis
1021 1754 1166 1830 potestas
1182 1745 1306 1811 urendo
1322 1749 1409 1831 cogit
1433 1749 1584 1817 emittere

437 1870 495 1933 per
516 1870 611 1912 nares
633 1850 720 1912 intra
741 1847 922 1911 laconicum
944 1845 1132 1932 fuliginem,
1154 1869 1237 1934 quae
1260 1849 1345 1912 circa
1367 1851 1529 1935 parietem
1551 1857 1584 1910 et

438 1972 583 2014 camerae
606 1958 814 2013 curvaturam
835 1948 1051 2013 adhaerescit.
1094 1948 1172 2012 inde
1194 1949 1330 2016 collecta
1350 1953 1471 2037 partim
1496 1970 1582 2014 com·

437 2053 569 2138 ponitur
592 2074 634 2115 ex
655 2052 780 2135 gummi
804 2050 939 2114 subacta
960 2051 1004 2113 ad
1025 2073 1121 2115 usum
1142 2053 1316 2116 atramenti
1338 2051 1483 2135 librarii,
1506 2053 1583 2114 reli-

437 2176 500 2239 qua
528 2161 668 2217 tectores
702 2151 866 2236 glutinum
899 2151 1116 2218 admiscentes
1150 2154 1185 2216 in
1217 2153 1398 2240 parietibus
1431 2163 1583 2218 utuntur.

388 2269 418 2317 15
437 2255 465 2318 si
487 2263 596 2318 autem
624 2255 685 2316 hae
707 2254 819 2339 copiae
841 2275 907 2317 non
933 2253 1055 2319 fuerint
1082 2250 1231 2340 paratae,
1259 2257 1306 2319 ita
1327 2254 1583 2320 necessitatibus
1602 2271 1618 2316 3

437 2359 499 2420 erit
520 2354 832 2438 administrandum,
861 2378 902 2418 ne
930 2357 1157 2443 expectatione
1184 2379 1293 2423 morae
1314 2380 1367 2422 res
1389 2359 1583 2421 retineatur.

368 2462 376 2482 ¹
437 2466 599 2522 sarmenta
620 2466 677 2521 aut
704 2457 820 2521 taedae
842 2456 988 2521 schidiae
1011 2457 1258 2543 comburantur,
1287 2482 1361 2523 cum
1388 2469 1484 2524 erunt
1511 2481 1582 2523 car-

437 2562 536 2625 bones
552 2561 797 2654 extinguantur,
822 2558 941 2623 deinde
963 2561 999 2624 in
1013 2561 1168 2624 mortario
1184 2582 1257 2624 cum
1272 2560 1398 2646 glutino
1421 2570 1581 2625 terantur.

435 2663 482 2725 ita
505 2663 567 2724 erit
587 2669 804 2725 atramentum
831 2659 1010 2725 tectoribus
1032 2684 1098 2726 non
1118 2662 1339 2727 invenustum.
1383 2685 1450 2728 non
1466 2664 1615 2728 minuet

383 2777 416 2824 20
436 2765 463 2829 si
486 2764 563 2826 faex
577 2763 648 2826 vini
669 2762 814 2826 arefacta
834 2772 867 2827 et
888 2772 980 2827 cocta
1002 2764 1038 2830 in
1058 2763 1189 2828 fornace
1210 2764 1310 2829 fuerit
1332 2773 1365 2828 et
1387 2785 1425 2827 ea
1439 2765 1583 2829 contrita

435 2879 509 2931 cu'rn
530 2864 657 2951 glutino
687 2865 722 2929 in
744 2885 841 2951 opere
863 2863 1047 2949 inducetur,
1071 2886 1285 2953 superquam
1307 2867 1484 2932 atramenti
1507 2888 1580 2932 sua-

434 2969 547 3032 vitatis
570 2966 692 3031 efficiet
715 2966 871 3050 colorem,
895 2976 927 3031 et
950 2990 1013 3054 quo
1036 2970 1141 3053 magis
1164 2989 1207 3031 ex
1227 2967 1362 3034 meliore
1384 2969 1463 3033 vino
1487 2990 1580 3056 para-

434 3069 538 3152 bitur,
567 3091 632 3134 non
659 3063 759 3134 modo¹
777 3071 952 3133 atramenti
979 3068 1039 3134 sed
1067 3070 1165 3133 etiam
1192 3070 1295 3135 indici
1322 3070 1464 3136 colorem
1488 3069 1581 3135 dabit

434 3173 566 3236 imitari.

384 3318 424 3366 xl
522 3304 673 3370 anmlei
694 3307 945 3392 temperationes
966 3304 1190 3371 Alexandriae
1211 3308 1352 3394 primum
1367 3317 1443 3373 sunt
1464 3309 1579 3371 inven-
1597 3322 1610 3369 1

383 3420 416 3467 26
434 3417 487 3470 tae
496 3456 506 3489 ,
529 3416 643 3491 postea
658 3407 737 3469 item
751 3406 923 3472 Vestorius
938 3408 1083 3473 Puteolis
1099 3408 1244 3473 instituit
1257 3388 1458 3473 laciendum.
1496 3411 1579 3474 ratio

434 3516 543 3590 autem
573 3508 641 3570 eius
671 3507 834 3593 equibus
865 3518 913 3573 est
942 3510 1078 3573 inventa
1105 3512 1184 3574 satis
1212 3509 1312 3574 habet
1338 3509 1579 3576 admirationis.

435 3606 556 3670 harena
584 3609 669 3671 enim
703 3630 776 3671 cum
807 3610 888 3673 nitri
918 3610 997 3675 flore
1025 3612 1203 3675 conteritur
1235 3610 1317 3675 adeo
1348 3611 1517 3677 subtiliter
1544 3622 1581 3676 ut

435 3707 596 3772 efficiatur
616 3709 886 3794 quemadmodum
908 3712 1030 3793 farina,
1054 3720 1087 3775 et
1108 3734 1162 3776 aes
1178 3714 1326 3801 cyprium
1348 3712 1434 3776 limis
1459 3716 1580 3784 crassis

384 3827 417 3875 30
434 3808 483 3874 uti
498 3810 606 3874 scobis
627 3810 766 3875 fractum
781 3814 845 3876 ista
859 3814 1087 3899 conspargitur
1100 3822 1136 3877 ut
1151 3813 1420 3899 conglomeretur.
1457 3814 1580 3879 deinde

462 4050 471 4077 t

437 4135 504 4199 (ΗΕ,
523 4140 703 4203 procereatur
719 4136 753 4201 c).
775 4133 788 4202 ΙΙ
812 4136 875 4186 rfit
894 4138 974 4189 EGH
990 4136 1041 4202 (Εἰ,
1061 4138 1097 4189 sit
1114 4138 1165 4205 cb).
1181 4137 1202 4205 'll
1223 4142 1239 4189 9
1257 4154 1293 4191 na
1311 4140 1373 4192 EG:
1392 4150 1445 4191 nec
1463 4140 1497 4189 Η
1512 4140 1579 4205 (Llc,

435 4236 488 4271 neo
500 4221 524 4280 Ιι,
542 4235 597 4269 nea
614 4220 663 4285 ἠΰ).
681 4216 693 4287 ΙΙ
710 4223 741 4271 10
755 4219 907 4272 collocatur
918 4223 978 4273 EG:
999 4222 1146 4278 collocbur
1156 4226 1186 4273 H
1199 4222 1260 4288 (elz).
1275 4221 1288 4291 ΙΙ
1305 4228 1336 4276 13
1355 4224 1474 4281 subacta
1488 4224 1578 4274 Sclm:

434 4306 551 4355 subacto
569 4305 655 4354 EGH.
677 4300 690 4370 ΙΙ
713 4304 905 4370 reliqueras:
924 4307 1060 4372 reliquum
1074 4309 1158 4359 EGH.
1177 4305 1188 4375 ΙΙ
1206 4310 1236 4357 16
1248 4310 1273 4357 si
1285 4314 1393 4359 autem:
1409 4311 1449 4358 ric
1461 4309 1550 4359 EGH.
1566 4306 1577 4373 ll

436 4391 468 4439 16
485 4390 652 4442 retineatur:
671 4390 709 4450 ric
726 4389 812 4439 EGH.
836 4386 851 4457 ss
871 4393 902 4440 21
921 4406 1003 4455 super
1016 4407 1096 4456 quam
1109 4407 1167 4442 rior:
1187 4406 1322 4457 superque
1335 4392 1420 4442 EGH.
1437 4388 1451 4458 {l
1468 4394 1503 4442 25
1516 4408 1579 4443 cae·

435 4472 505 4523 ruloi
522 4475 577 4523 ed.:
598 4473 705 4522 eaeruli
723 4473 823 4537 (coruli
841 4474 877 4539 E)
895 4476 981 4525 EGH.
1004 4471 1017 4542 Η
1039 4478 1073 4525 26
1089 4477 1239 4528 vestorius:
1263 4480 1301 4527 sic
1318 4475 1405 4528 EGH.
1428 4473 1441 4543 ΙΙ
1470 4477 1580 4527 faciun-

436 4558 500 4606 dum
518 4555 569 4606 GH
581 4556 659 4620 (Εἰς),
679 4557 839 4607 faciendum
857 4560 891 4610 Ε.
914 4557 926 4625 Η
948 4562 981 4610 27
1001 4561 1060 4632 eius
1080 4560 1208 4625 equibus:
1229 4563 1268 4612 ric
1286 4561 1370 4614 ΕΘΗ.
1392 4557 1405 4627 ΙΙ
1428 4561 1462 4611 29
1481 4565 1511 4611 ct
1530 4577 1579 4612 aes

437 4638 479 4704 (cs
499 4641 530 4702 G)
551 4655 662 4705 cyprum
681 4639 796 4705 (ciprum
819 4644 855 4708 E)
874 4644 953 4693 EGH
971 4642 1108 4710 (cyprium
1123 4643 1184 4708 ed).
1206 4640 1220 4711 ll
1249 4648 1282 4696 30
1304 4646 1421 4696 tractum
1439 4647 1496 4697 ista
1515 4662 1577 4714 090:

437 4723 650 4785 factam-(facto
667 4724 703 4787 E)
722 4726 808 4776 mixta
826 4727 912 4776 EGH.
934 4724 945 4794 Η
970 4729 1163 4794 conspargitur
1181 4728 1266 4780 EGH.
