3984 5825
430 661 494 723 246
922 676 1078 722 vrruuvu
1162 710 1166 718 ,

516 829 630 914 ltaque
660 831 852 916 incipiemus
881 828 922 891 dc
952 830 979 891 is
1008 850 1092 914 quac
1119 851 1192 892 raro
1220 829 1358 892 veniunt
1384 828 1427 890 ad
1457 849 1574 890 manus
1623 894 1627 901 ,

390 941 467 993 11ut
490 941 565 993 nota
587 931 651 994 sint
674 928 849 1017 explicare.
895 931 1099 1016 primumque
1128 931 1337 994 instituemus
1366 929 1408 991 de
1437 931 1465 992 is
1496 945 1611 1013 quaer

430 1030 567 1094 aedibus
589 1035 689 1095 sacris
704 1032 746 1094 ad
769 1053 967 1118 operumque
989 1030 1193 1118 publicorum
1216 1031 1450 1117 perfectionem
1465 1053 1579 1093 neces-

431 1134 527 1196 sitate
557 1143 799 1219 comparantur,
829 1156 912 1219 quac
939 1132 1021 1197 fiunt
1048 1134 1104 1196 ita.
1156 1133 1248 1244 tipna
1275 1132 1341 1197 duo
1369 1132 1414 1199 ad
1443 1153 1581 1196 onerum

398 1250 413 1295 o
432 1234 690 1317 magnitudinem
712 1237 838 1299 ratione
860 1233 1090 1320 expediuntur.
1134 1255 1153 1295 a
1176 1234 1283 1319 capite
1305 1255 1345 1297 ea
1374 1233 1479 1297 fibula
1505 1256 1580 1296 con-

431 1335 542 1397 iuncta
565 1345 596 1399 ct
624 1337 658 1398 in
686 1337 750 1400 imo
773 1333 955 1400 divaricata
983 1338 1168 1419 eriguntur,
1196 1334 1332 1399 frmibus
1355 1336 1389 1400 in
1413 1334 1581 1421 capitibus

432 1434 609 1501 conlocatis
633 1447 665 1501 ct
693 1440 779 1500 circa
801 1437 970 1524 dispositis
994 1446 1103 1500 crecta
1130 1438 1321 1500 retinentur.
1366 1435 1527 1522 alligatur
1547 1439 1582 1499 in

431 1560 556 1601 summo
584 1538 720 1623 troclea,
751 1562 846 1625 quern
869 1540 967 1603 etiam
988 1537 1137 1602 nonnulli
1163 1537 1351 1601 rechamum
1373 1537 1503 1602 dicunt.
1547 1539 1583 1601 in

417 1638 586 1705 trocleam
608 1639 766 1704 induntur
780 1638 918 1705 orbiculi
940 1662 999 1727 per
1019 1639 1165 1704 axiculos
1181 1639 1384 1703 versationes
1407 1639 1582 1703 habentes.

385 1757 413 1804 lo
432 1762 490 1826 por
517 1739 697 1805 orbiculum
725 1742 874 1805 traicitur
903 1741 1069 1804 ductarius
1102 1740 1206 1824 funis,
1242 1740 1363 1804 deinde
1393 1740 1583 1805 demittitur

432 1852 464 1906 ct
490 1843 674 1906 traducitur
702 1843 787 1904 circa
821 1841 1001 1906 orbiculum
1037 1841 1178 1905 trocleae
1211 1842 1388 1907 inferioris.
1437 1842 1584 1906 refertur

431 1951 540 2007 autom
562 1944 604 2006 ad
627 1943 810 2007 orbiculum
832 1946 931 2007 imum
956 1941 1096 2007 trocleae
1119 1944 1296 2029 superioris
1320 1951 1352 2006 et
1374 1944 1423 2006 ita
1445 1943 1582 2007 descen-

432 2045 480 2108 dit
502 2044 545 2108 ad
567 2045 753 2109 inferiorem
777 2057 808 2111 et
830 2047 865 2109 in
886 2044 1045 2110 foramine
1068 2046 1137 2108 eius
1159 2044 1327 2129 religatur.
1372 2043 1479 2108 altera
1506 2067 1582 2132 pars

432 2147 519 2210 funis
542 2146 681 2209 refertur
702 2149 787 2210 inter
809 2149 890 2210 imas
912 2145 1081 2208 machinae
1104 2155 1223 2231 partes.
1268 2147 1303 2209 in
1319 2145 1454 2231 quadris
1471 2155 1613 2211 autema

384 2263 413 2308 15
430 2248 595 2331 tignorum
624 2248 875 2334 posterioribus,
911 2270 973 2333 quo
1001 2246 1064 2310 loci
1092 2256 1168 2310 sunt
1196 2245 1397 2330 divaricata,
1433 2248 1584 2331 figuntur

433 2346 597 2428 chelonia,
632 2350 666 2411 in
694 2371 777 2433 quae
805 2351 986 2413 coiciuntur
1016 2346 1201 2412 sucularum
1229 2349 1337 2436 capita
1364 2358 1401 2412 nt
1438 2347 1583 2412 faciliter

432 2470 511 2512 axes
527 2460 709 2513 versentur.
754 2471 811 2513 eae
826 2450 957 2514 suculae
978 2450 1128 2537 proxime
1144 2450 1251 2536 capita
1272 2449 1396 2514 habent
1419 2449 1582 2514 foramina

432 2549 510 2612 bina
540 2552 586 2613 ita
613 2561 793 2638 temperata
814 2560 850 2615 ut
880 2561 989 2615 vectes
1018 2552 1053 2614 in
1082 2573 1120 2614 ea
1146 2553 1322 2615 convenire
1352 2552 1494 2638 possint.
1538 2550 1581 2615 ad

432 2650 618 2715 rochammn
650 2663 759 2716 autem
792 2654 892 2716 imum
920 2653 1019 2716 ferrei
1051 2651 1178 2717 forfices
1206 2651 1404 2737 religantur,
1441 2675 1581 2738 quorum

381 2752 547 2816 rodentes
575 2753 608 2817 in
640 2776 720 2818 saxa
757 2754 863 2818 forata
897 2751 1201 2818 accommodantem
1245 2775 1319 2816 cum
1346 2762 1458 2817 autem
1493 2753 1580 2817 funis

432 2853 531 2919 habet
559 2865 656 2942 caput
684 2856 726 2920 ad
749 2855 894 2921 suculam
921 2854 1094 2940 religatum
1122 2865 1154 2920 et
1181 2866 1292 2919 vectes
1320 2854 1480 2920 ducentes
1510 2878 1580 2920 eam

433 2967 564 3020 vorsant
572 3008 581 3041 ,
604 2957 691 3022 funis
708 2981 743 3022 se
758 2958 957 3023 involvendo
972 2960 1093 3021 circum
1109 2955 1255 3021 suculam
1271 2958 1465 3022 extenditur
1480 2969 1513 3022 et
1534 2960 1581 3022 ita

383 3072 422 3122 ΙΙΙ
435 3057 585 3122 sublevat
608 3081 706 3123 onera
719 3060 763 3122 ad
784 3059 991 3124 altitudinem
1007 3068 1039 3121 et
1058 3080 1193 3144 operum
1207 3058 1462 3124 conlocationes.
1500 3060 1581 3123 haec
1596 3081 1611 3125 3

432 3168 540 3221 autem
563 3162 646 3225 ratio
672 3160 922 3225 machinationis
951 3160 1039 3246 quod
1065 3182 1123 3246 per
1151 3169 1217 3224 tres
1245 3158 1410 3225 orbiculos
1440 3162 1578 3225 circum·

382 3256 588 3341 revolvitur,
611 3263 783 3348 trispastos
804 3259 996 3349 appellatur.
1041 3283 1115 3324 cum
1131 3283 1208 3326 vero
1231 3264 1266 3325 in
1286 3264 1354 3325 ima
1376 3262 1501 3326 troclea
1516 3262 1580 3326 duo

433 3358 587 3439 orbiculi,
610 3363 646 3425 in
661 3365 827 3448 superiore
842 3372 908 3427 tres
924 3371 1111 3443 versantur,
1135 3362 1170 3426 id
1193 3372 1430 3449 pentaspaston
1443 3363 1579 3427 dicitur.

502 3532 517 3577 ‘2
535 3531 591 3578 siut
609 3533 663 3583 ea:
683 3536 747 3581 snut
766 3534 825 3582 GH.
850 3530 862 3599 ss
885 3533 1102 3598 omaguitudine
1114 3535 1148 3584 G:
1167 3551 1235 3585 -uc
1253 3535 1284 3583 H
1295 3535 1340 3597 (L,
1358 3539 1427 3585 -uc
1443 3539 1462 3597 1,
1481 3551 1579 3585 -uem

433 3611 483 3672 rt).
505 3609 518 3676 ΙΙ
540 3629 557 3661 a
576 3615 668 3677 capite
692 3631 726 3664 ea
750 3616 834 3666 fibula
856 3633 916 3680 epo:
944 3618 1056 3682 cespite
1067 3617 1170 3668 afibulc
1194 3620 1253 3670 GH.
1281 3615 1294 3683 ΙΙ
1317 3621 1337 3688 'l
1359 3618 1499 3683 disposita
1520 3626 1580 3670 ante

433 3711 503 3748 cerr.
523 3696 554 3749 G,
577 3694 589 3760 l(
617 3697 750 3762 alligatur
837 3701 942 3751 troclea
959 3703 1029 3752 Joc:
1049 3703 1267 3768 alligantur
1286 3702 1411 3753 trocleae
1431 3704 1492 3753 GH.
1515 3700 1528 3770 ΙΙ
1551 3707 1581 3752 in

433 3780 682 3846 sirmo'trocleaew
706 3784 739 3840 G,
764 3785 896 3835 iusummo
919 3788 1095 3838 motroclere
1117 3803 1188 3852 quae
1212 3789 1239 3837 H
1262 3785 1309 3850 (te,
1331 3789 1381 3836 red
1397 3789 1520 3837 ίιεναιηι
1536 3806 1580 3838 rno

433 3865 519 3914 deleat
534 3868 593 3924 ΙΨ,
605 3867 639 3917 a'u
657 3882 760 3917 summo
779 3869 901 3919 trocleae
912 3912 918 3921 .
929 3887 979 3936 quo
999 3872 1044 3934 L).
1059 3869 1072 3937 ΙΙ
1087 3876 1104 3923 8
1122 3887 1201 3936 quem
1218 3874 1274 3921 ed:
1293 3886 1366 3936 quae
1383 3872 1426 3936 (φ
1441 3873 1478 3933 G)
1491 3874 1551 3924 GH.
1566 3873 1571 3928 ἒ

433 3949 590 3999 rechamum
610 3952 661 4000 GH
683 3950 731 4013 (L,
751 3954 903 4003 rethamum
921 3954 966 4019 lc).
988 3952 1003 4020 (l⁸
1024 3955 1190 4006 9induutur
1209 3957 1280 4007 Joc:
1307 3956 1461 4007 induuntur
1485 3959 1546 4008 GH.

433 4033 551 4082 orbiculi
573 4032 640 4097 (duo
662 4039 724 4086 add.
747 4037 819 4098 Joc.)
842 4054 892 4103 per
914 4040 1039 4089 axiculos
1065 4041 1124 4090 GH.
1152 4038 1164 4105 (l
1193 4044 1226 4091 lo
1245 4041 1409 4104 porbieulu
1431 4038 1579 4105 (summum

432 4118 493 4164 redd.
510 4116 577 4178 doc.)
596 4120 725 4170 traicitur
743 4122 802 4171 GH.
824 4120 836 4186 ΙΙ
859 4122 1015 4172 demittitur
1031 4124 1072 4172 H:
1095 4124 1243 4175 dimittitur
1265 4126 1288 4175 G
1306 4125 1387 4186 (Lte).
1409 4122 1422 4190 Ι]
1452 4128 1484 4174 11
1508 4127 1580 4175 iufe-

432 4200 519 4248 riorcs
541 4209 601 4250 ante
618 4219 688 4254 corr.
713 4206 742 4254 ΙΙ
764 4206 826 4269 (cll.
849 4203 861 4270 (l
885 4210 917 4256 13
938 4206 1072 4271 religatur
1093 4211 1149 4261 eet:
1172 4214 1308 4274 -gautur
1329 4210 1389 4259 GH.
1413 4206 1427 4273 (1
1451 4212 1486 4259 14
1507 4212 1580 4259 iuter

432 4284 503 4333 imas
526 4286 586 4336 Lte:
613 4288 724 4338 iuterim
741 4291 792 4339 has
816 4291 839 4340 G
859 4298 885 4339 et
906 4298 965 4339 unte
987 4307 1041 4341 ras.
1065 4294 1102 4344 H.
1123 4290 1137 4357 Ι]
1161 4294 1193 4341 15
1216 4309 1269 4357 quo
1291 4293 1347 4342 loci
1369 4297 1436 4341 suut
1460 4294 1514 4343 GH
1536 4295 1580 4355 (L,

433 4368 481 4431 qui
498 4368 585 4418 locuti
601 4377 666 4422 suut
683 4376 692 4421 t
708 4380 734 4422 et
751 4382 810 4424 crte
828 4390 896 4424 corr.
908 4391 930 4432 c,
949 4375 996 4441 qui
1014 4375 1100 4425 locati
1117 4383 1181 4425 suut
1198 4375 1263 4441 μή).
1283 4373 1297 4440 l(
1317 4378 1350 4425 16
1368 4376 1503 4427 chelonia
1521 4382 1578 4429 ed:

433 4450 545 4501 helouia
563 4455 622 4503 GH.
642 4453 656 4521 (j
678 4457 845 4506 coiciuutur:
862 4461 901 4509 sic
920 4460 978 4512 GH.
1002 4457 1015 4524 l(
1039 4464 1069 4509 17
1088 4477 1138 4510 eae
1156 4461 1271 4510 suculae
1291 4461 1346 4509 GH
1360 4460 1410 4524 (L,
1429 4464 1546 4529 cauculo
1561 4466 1578 4520 1,

433 4533 583 4602 haesucule
600 4556 623 4594 c,
641 4538 676 4604 ha
693 4540 786 4607 suculc
802 4542 839 4603 a).
899 4546 931 4594 19
948 4543 1073 4593 forfices:
1089 4547 1128 4593 sie
1145 4545 1205 4597 GH.
1227 4542 1241 4592 ll
1262 4548 1296 4595 22
1313 4547 1393 4595 funis
1409 4547 1580 4597 inrolreudo

435 4618 485 4665 GH
502 4631 544 4680 (se
561 4623 624 4670 crint.
641 4622 719 4685 loc).
743 4622 755 4688 s(
777 4628 811 4674 '26
828 4633 1043 4693 pentaspaston
1061 4631 1092 4688 G,
1110 4635 1210 4695 penus
1227 4635 1327 4695 pastori
1345 4632 1378 4680 H
1398 4629 1488 4693 (Ll‘e,
1512 4648 1578 4697 peu·

434 4704 479 4747 tas
496 4709 591 4764 pastor
606 4713 667 4755 nte
684 4722 753 4756 corr.
772 4711 801 4766 t).
