3984 5825
726 680 773 726 nn
795 677 1062 727 assumserunt
1085 678 1154 725 nm.
1177 678 1237 724 vu.
1491 661 1551 725 173

411 833 507 896 rebus
531 832 679 918 exempla
702 832 923 913 sumebantur,
946 852 1033 894 nunc
1060 831 1181 916 iniquis
1203 829 1347 893 moribus
1377 829 1551 915 inproban-

410 945 473 999 tur.
517 958 593 998 nam
615 936 794 1020 pinguntur
815 935 960 998 tectoriis
982 941 1126 996 monstra
1148 933 1367 1017 potiusquam
1391 952 1433 994 ex
1454 931 1550 996 rebus

410 1035 511 1099 finitis
535 1038 692 1121 imagines
715 1045 832 1099 certae.
868 1059 926 1122 pro
942 1034 1099 1099 columnis
1116 1034 1202 1096 enim
1224 1042 1410 1097 statuuntur
1425 1031 1549 1115 calami,

411 1160 469 1223 pro
492 1121 637 1220 fastigiis
652 1137 882 1222 appagineculi
903 1137 1009 1201 striati
1032 1157 1105 1198 cum
1121 1136 1236 1220 crispis
1260 1132 1347 1199 foliis
1364 1144 1396 1197 et
1417 1133 1550 1217 volutis,

410 1240 489 1302 item
512 1236 709 1302 candelabra
730 1236 951 1301 aedicularum
968 1237 1162 1301 sustinentia
1184 1237 1315 1320 figuras,
1340 1257 1438 1323 supra
1459 1234 1585 1298 fasti-s
1657 1284 1659 1291 .

410 1341 465 1424 gia
487 1361 596 1403 earum
620 1348 789 1425 surgentes
813 1361 854 1402 ex
876 1337 1041 1402 radicibus
1065 1359 1138 1401 eum
1153 1336 1272 1401 volutis
1296 1336 1426 1400 coliculi
1447 1337 1551 1399 teneri

411 1439 520 1525 plures
542 1441 699 1505 habentes
722 1441 756 1502 in
772 1462 806 1504 se
829 1441 899 1504 sine
914 1441 1040 1504 ratione
1056 1436 1202 1504 sedentia
1217 1438 1341 1523 sigilla,
1364 1460 1429 1501 non
1444 1440 1551 1501 minus

411 1540 540 1604 coliculi
568 1540 739 1606 dimidiata
768 1540 924 1605 habentes
947 1540 1057 1625 sigilla
1078 1539 1143 1602 alia
1170 1540 1319 1603 humanis
1343 1537 1408 1601 alia
1429 1538 1550 1602 bestia·¹

376 1656 481 1706 trum
512 1643 685 1730 capitibus.
733 1642 815 1707 haec
835 1653 944 1706 autem
966 1663 1026 1704 nec
1049 1651 1125 1705 sunt
1151 1663 1211 1704 nec
1238 1640 1308 1705 fieri
1336 1649 1472 1726 possunt
1491 1661 1552 1702 neo

411 1744 552 1808 fuerunt.
603 1766 679 1829 ergo
708 1745 754 1806 ita
781 1745 860 1808 novi
886 1766 991 1808 mores
1024 1751 1199 1827 coegerunt
1231 1744 1280 1805 uti
1311 1742 1448 1805 inertiae
1476 1738 1552 1803 mali
1573 1758 1603 1806 10

410 1845 547 1909 iudices
564 1840 796 1908 convincerent
829 1846 947 1909 artium
970 1846 1120 1908 virtutes.
1168 1843 1439 1929 quemadmodum
1467 1843 1553 1905 enim
1658 1862 1662 1869 ·

411 1956 517 2032 potest
539 1946 683 2010 calamus
706 1933 783 2009 vere
805 1947 965 2009 sustinere
987 1954 1109 2009 tectum
1128 1954 1185 2007 aut
1207 1943 1437 2008 candelabrum
1460 1965 1551 2006 orna-

412 2058 520 2110 menta
548 2047 674 2132 fastigii
703 2069 761 2110 seu
788 2045 943 2110 coliculus
971 2056 1050 2110 tam·
1068 2045 1175 2110 tenuis
1199 2053 1231 2108 et
1258 2044 1364 2109 mollis
1392 2046 1553 2108 sustinere

412 2149 528 2213 sedens
552 2147 698 2233 sigillum
720 2157 777 2212 aut
800 2147 841 2210 de
862 2147 1028 2211 radicibus
1052 2158 1084 2211 et
1112 2145 1257 2211 coliculis
1281 2168 1322 2209 ex
1344 2157 1436 2232 parte
1457 2147 1552 2210 flores
1659 2174 1665 2183 ,

411 2250 645 2336 dimidiataque
668 2247 777 2334 sigilla
799 2248 985 2335 procreari?
1016 2259 1049 2312 at
1072 2249 1151 2312 haec
1174 2247 1256 2311 falsa
1278 2248 1427 2311 videntes
1449 2248 1603 2311 homi-15

411 2373 467 2415 nes
489 2374 555 2415 non
576 2349 818 2437 reprehendunt
840 2351 898 2415 sed
921 2348 1138 2433 delectantur,
1161 2372 1267 2436 neque
1286 2350 1554 2413 animadvertunt

412 2454 439 2514 si
468 2452 546 2537 quid
576 2473 686 2515 corum
714 2451 786 2515 fieri
814 2461 921 2539 potest
948 2474 1009 2516 nec
1030 2474 1081 2516 ne.
1125 2452 1256 2516 iudiciis
1279 2461 1387 2516 autem
1416 2449 1552 2515 infirmis

412 2552 603 2617 obscuratae
626 2560 750 2616 mentes
772 2576 838 2617 non
855 2551 966 2616 valent
987 2552 1125 2638 probare
1148 2552 1234 2639 quod
1256 2561 1365 2639 potest
1387 2574 1457 2616 esse
1480 2574 1552 2615 cum

411 2654 605 2718 auctoritate
628 2663 660 2716 et
681 2655 806 2718 ratione
829 2653 966 2717 decoris.
1010 2675 1115 2739 neque
1138 2656 1224 2716 enim
1252 2656 1399 2740 picturae
1421 2654 1552 2739 probari

412 2754 533 2818 debent
556 2776 639 2841 quae
661 2777 726 2820 non
741 2764 817 2819 sunt
839 2753 960 2818 similes
977 2756 1120 2836 veritati,
1143 2776 1202 2818 nec
1219 2756 1248 2818 si
1269 2754 1376 2819 factae
1391 2764 1472 2819 sunt
1488 2753 1550 2816 ele·
1570 2771 1603 2818 ‘20

410 2865 527 2942 gentes
550 2856 591 2921 ab
614 2866 695 2939 arte,
719 2856 793 2922 ideo
816 2856 857 2920 de
879 2855 930 2920 his
953 2855 1063 2920 statim
1080 2854 1178 2920 debet
1200 2865 1288 2920 recta
1309 2855 1464 2938 iudicari,
1487 2856 1553 2919 nisi

411 2958 701 3044 argumentationis
724 2967 828 3021 certas
856 2959 999 3024 rationes
1026 2956 1200 3020 habuerint
1228 2958 1297 3020 sine
1319 2955 1552 3021 offensionibus

378 3075 394 3123 5
413 3058 603 3146 explicatas.
656 3061 775 3124 etenim
803 3060 900 3123 etiam
923 3057 1088 3123 Trallibus
1111 3080 1184 3121 cum
1206 3059 1385 3145 Apaturius
1408 3056 1552 3120 Alaban-

412 3161 492 3225 deus
515 3160 656 3245 eleganti
682 3183 780 3224 manu
808 3160 958 3224 finxisset
980 3182 1130 3224 scaenam
1152 3162 1187 3224 in
1208 3158 1388 3223 minusculo
1415 3159 1552 3242 theatro,

412 3262 497 3349 quod
522 3266 821 3347 εκκλησιαστηριον
842 3262 931 3350 apud
954 3284 1009 3327 eos
1032 3263 1209 3344 vocitatur,
1237 3264 1273 3325 in
1295 3282 1396 3347 eaque
1418 3259 1552 3325 lecisset
1569 3276 1602 3324 25

411 3363 577 3428 columnas
610 3364 703 3448 signa
736 3364 916 3429 Centauros
955 3366 1152 3428 sustinentes
1186 3361 1356 3449 epistylia,
1390 3361 1552 3427 tholorum

480 3539 576 3586 taem
593 3537 744 3602 pinguntur
764 3536 797 3585 G:
821 3552 868 3591 om.
892 3537 922 3585 H
943 3533 1023 3600 (Lis).
1048 3532 1060 3602 ΙΙ
1087 3538 1105 3585 4
1127 3535 1324 3600 appagineeuli
1345 3534 1501 3585 atriaticum
1523 3536 1552 3585 II

412 3620 466 3684 (60,
485 3622 629 3672 straticum
642 3622 674 3679 L,
693 3616 1031 3686 apagilntculistraticum
1044 3622 1060 3678 1,
1079 3619 1220 3686 appagine
1237 3620 1311 3670 oculi
1328 3620 1482 3669 atriaticum
1499 3619 1550 3681 ch),

413 3706 551 3772 eppagine
569 3703 702 3768 culliculi
719 3705 834 3755 tristicia
847 3712 905 3755 ante
918 3720 986 3754 cerr.
1002 3705 1031 3754 G.
1048 3700 1060 3770 11
1076 3704 1194 3755 volutis.
1206 3705 1285 3756 item:
1304 3706 1342 3754 sie
1355 3704 1413 3754 GH.
1428 3700 1440 3769 ll
1457 3706 1551 3755 ticen-

412 3790 527 3840 delebre
538 3791 567 3841 G.
584 3785 596 3855 ll
612 3790 628 3838 6
640 3804 733 3839 earum
743 3788 815 3841 lea:
830 3804 920 3839 eorum
935 3789 993 3841 GH.
1009 3785 1021 3854 ΙΙ
1037 3789 1157 3839 veluteis
1170 3789 1223 3839 GH
1230 3786 1310 3854 (Lle).
1328 3790 1362 3851 rs.
1374 3805 1399 3852 p.
1415 3792 1472 3847 102,
1485 3792 1524 3837 16.
1537 3789 1549 3853 {2

411 3873 522 3923 coliculi
534 3874 595 3923 add.
613 3873 671 3926 Joe.
685 3873 814 3935 (veluteis
827 3875 915 3924 teneri
928 3873 1021 3939 plures
1035 3873 1110 3938 GH).
1127 3871 1139 3940 [Ι
1156 3870 1287 3939 isigille]
1306 3900 1336 3908 —
1348 3871 1386 3935 (8)
1397 3873 1493 3937 sigilla
1504 3890 1550 3923 one.

410 3954 520 4023 leisimt
532 3955 678 4021 habentes]
697 3957 869 4009 -habentes
881 3974 927 4008 om.
941 3960 973 4016 L,
986 3961 1034 4009 sed
1045 3959 1083 4008 110
1092 3961 1175 4023 suppl.
1189 3960 1215 4008 in
1229 3958 1331 4022 mara).
1349 3953 1362 4023 ss
1378 3958 1393 4006 8
1406 3956 1550 4006 dimidiata

411 4042 469 4095 Joc.
490 4040 633 4106 (ete.15):
653 4042 709 4091 —ti
723 4042 781 4096 GH.
797 4039 809 4108 {l
827 4045 858 4093 10
876 4043 996 4094 inertiae
1014 4042 1081 4092 mali
1097 4042 1203 4092 iudices
1216 4042 1424 4091 convincerent:
1443 4044 1481 4091 sie
1500 4042 1551 4091 GH

414 4127 474 4191 (nin
491 4128 560 4192 quod
576 4127 678 4177 inertia
698 4126 780 4177 emeli
798 4134 857 4177 ante
874 4144 942 4181 corr.
964 4128 996 4186 G,
1019 4128 1119 4177 inertie
1137 4126 1204 4176 meli
1223 4129 1269 4185 60,
1287 4127 1345 4178 item
1361 4126 1496 4176 invertice
1516 4142 1549 4175 m.

413 4219 472 4263 ante
489 4228 559 4263 corr.
579 4213 610 4271 L,
629 4212 748 4262 inertiae
767 4227 801 4265 m.
820 4212 864 4271 La
882 4211 983 4262 inertie
1001 4229 1035 4262 m.
1053 4213 1091 4271 ch,
1109 4211 1233 4261 inhercie
1252 4226 1285 4260 m.
1303 4210 1332 4274 l).
1357 4208 1369 4276 ΙΙ
1393 4213 1424 4261 13
1448 4210 1549 4261 colicu-

413 4295 455 4347 lus
479 4297 513 4346 G=
542 4296 678 4350 culiculns
700 4297 732 4345 H
751 4294 836 4361 (Lac,
861 4295 993 4347 cedicibus
1015 4304 1075 4347 ante
1097 4312 1166 4348 corr.
1185 4295 1228 4361 L).
1253 4291 1266 4361 ll
1288 4296 1320 4344 14
1342 4294 1468 4344 culiculis
1490 4301 1550 4343 aute

413 4396 480 4434 corr.
498 4381 535 4436 H.
558 4375 572 4447 ΙΙ
596 4383 627 4431 15
646 4381 751 4432 adhaec
770 4378 875 4446 (Adhee
895 4380 927 4446 6)
948 4380 1006 4431 611.
1030 4377 1041 4448 ΙΙ
1068 4382 1100 4430 21
1120 4383 1196 4430 recta
1214 4395 1274 4444 epo:
1296 4382 1372 4429 reete
1397 4376 1487 4443 (-tae
1505 4379 1549 4441 ΙΙ)

415 4464 472 4516 GH.
496 4460 508 4529 ΙΙ
530 4463 659 4517 iudicari:
681 4470 720 4516 ste
739 4467 797 4519 GH.
819 4460 833 4531 ll
855 4467 887 4516 22
911 4464 1159 4531 argumentationis
1179 4464 1212 4513 G:
1235 4476 1319 4512 —nes
1341 4463 1370 4511 H
1388 4461 1467 4527 (Lis).
1490 4459 1502 4529 ΙΙ
1526 4479 1549 4516 c.

413 4549 536 4598 rationes
554 4548 714 4600 habuerint:
742 4552 781 4600 sic
805 4551 862 4600 GH.
886 4546 898 4616 ΙΙ
920 4552 953 4601 23
971 4532 1149 4599 Alabandeus
1170 4547 1240 4598 don:
1270 4545 1433 4597 alabandina
1458 4547 1514 4597 GH.
1536 4543 1548 4613 Η

412 4634 446 4682 25
464 4624 716 4701 ἐκκλησιαστήριον
732 4635 802 4685 Joc:
822 4633 898 4701 egles
916 4633 1002 4684 interi
1020 4634 1049 4692 G,
1068 4632 1263 4698 eglesinterion
1280 4633 1310 4681 H
1327 4626 1435 4699 (1110).ss
1453 4634 1487 4683 26
1506 4647 1551 4683 co-

412 4715 519 4768 lumnas
535 4719 552 4771 i.
565 4734 587 4771 e.
606 4733 654 4787 pro
668 4719 802 4771 columnis
819 4718 876 4770 Jee.
892 4714 904 4786 ΙΙ
920 4717 1056 4769 tholorum
1068 4718 1138 4771 loe:
1157 4717 1274 4786 pholurir
1283 4725 1342 4769 ante
1359 4733 1428 4773 carm
1442 4717 1470 4778 G,
1482 4716 1550 4785 pho·
