3984 5825
690 646 737 692 DE
760 645 1027 695 ARCHITECTURA
1051 649 1121 695 LlB.
1145 652 1184 698 11.
1469 645 1511 709 39

364 799 575 887 sesquipede,
599 799 700 864 latum
715 799 808 887 pede.
853 803 969 865 ceteris
992 800 1118 868 duobus
1142 804 1340 874 Graecorum
1363 812 1513 879 aedificia

364 910 544 966 struuntur.
589 922 631 964 ex
658 901 709 966 his
737 924 837 966 unum
866 902 1102 988 πενταδωρον,
1131 905 1268 973 alterum
1296 914 1511 999 caepadmpov

364 1002 496 1066 dicitur.
541 1002 655 1086 δωρον
681 1012 790 1094 autern
812 1002 932 1067 Graeci
953 1003 1120 1091 appellant
1142 1007 1300 1095 palmum,
1330 1013 1418 1098 quod
1440 1037 1509 1079 mn-
1554 1033 1556 1039 ·

363 1126 478 1189 nerum
511 1102 600 1168 datio
636 1125 753 1188 graece
790 1105 903 1189 δωρον
934 1105 1139 1194 appellatur,
1174 1110 1208 1173 id
1240 1122 1350 1177 autom
1383 1137 1510 1203 semper

363 1207 489 1291 geritur
524 1226 583 1292 per
615 1227 730 1271 manus
764 1205 917 1293 palmum.
975 1207 1023 1271 ita
1056 1210 1142 1294 quod
1179 1221 1229 1277 ost
1266 1232 1543 1300 quoquoversnso
1568 1228 1572 1245 ¹

364 1308 508 1393 quinque
523 1305 704 1393 palmorum
725 1307 943 1393 pentadoron,
967 1309 1054 1396 quod
1076 1320 1228 1397 quattuor
1250 1313 1437 1383 tetradoron
1459 1318 1507 1382 di-

363 1410 459 1491 citur,
482 1418 515 1473 et
537 1429 619 1495 quae
641 1417 716 1473 sunt
739 1408 870 1494 publica
892 1432 990 1498 opera
1012 1413 1252 1496 πενταὸωροις,
1275 1405 1509 1504 quae‘privata

329 1510 586 1594 4rerpadorpor3
613 1519 791 1575 struuntur.
828 1510 911 1577 fiunt
930 1521 1039 1576 autem
1062 1534 1136 1577 cum
1158 1514 1208 1579 his
1232 1514 1388 1582 lateribus
1411 1523 1506 1584 semi·

362 1609 494 1693 lateria,
529 1633 611 1696 quae
644 1633 716 1676 cum
744 1620 930 1696 stnrnntur,
963 1636 1028 1677 una
1056 1624 1148 1700 parte
1176 1615 1334 1692 lateribus
1364 1619 1506 1703 ordines,

360 1711 464 1778 altera
481 1711 679 1778 semilateres
696 1723 869 1801 ponuntur.
901 1736 977 1799 ergo
993 1736 1036 1778 ex
1050 1724 1187 1801 utraque
1209 1727 1301 1804 parte
1322 1719 1365 1782 ad
1388 1719 1508 1785 lineam
1527 1737 1558 1786 10

296 1845 308 1863 ·
361 1837 436 1879 cum
451 1824 635 1896 struuntur,
658 1813 791 1880 alternis
807 1816 905 1881 coriis
921 1817 1062 1901 parietes
1084 1814 1261 1901 alligantur
1284 1827 1316 1884 et
1337 1820 1438 1886 medii
1461 1823 1506 1886 la-

361 1927 447 1980 teres
463 1937 561 2002 supra
581 1926 773 2001 coagmenta
794 1915 953 1982 conlocati
976 1928 1009 1982 et
1030 1916 1216 1993 firmitatem
1239 1930 1271 1984 et
1293 1923 1436 2007 speciem
1461 1923 1505 1986 fa-

362 2018 452 2082 ciunt
474 2024 610 2104 utraque
631 2025 725 2103 parte
747 2040 811 2082 non
834 2019 1052 2109 invenustam.

447 2118 509 2184 Est
538 2127 646 2184 autem
675 2118 709 2182 in
739 2117 902 2208 Hispania
922 2119 1077 2186 ulteriore
1100 2122 1216 2186 civitas
1247 2123 1405 2205 Maxilua,
1428 2126 1506 2189 item

360 2219 468 2302 Galle,
492 2220 527 2283 in
541 2220 622 2284 Asia
636 2221 763 2302 Pitane,
786 2220 843 2285 ubi
858 2220 975 2286 lateres
997 2244 1071 2285 cum
1095 2232 1170 2287 sunt
1192 2222 1282 2288 ducti
1305 2233 1336 2288 et
1358 2224 1505 2309 arefacti,
1525 2242 1556 2290 15

360 2322 498 2409 proiecti
520 2331 634 2389 natant
656 2322 690 2385 in
711 2343 805 2407 aqua.
855 2333 967 2388 natare
989 2332 1097 2389 autem
1121 2346 1175 2389 eos
1197 2347 1293 2411 posse
1315 2326 1389 2390 ideo
1413 2328 1503 2391 vide-

358 2434 412 2487 tur
434 2422 522 2511 quod
543 2433 629 2488 terra
657 2432 706 2487 est
728 2423 770 2487 de
792 2446 855 2510 qua
878 2424 1040 2489 ducuntur
1062 2427 1240 2511 pumicosa.
1290 2428 1337 2490 ita
1360 2451 1431 2493 cum
1455 2440 1504 2494 est

357 2523 453 2607 levis,
476 2545 550 2589 aere
571 2523 712 2588 solidata
733 2547 798 2589 non
820 2528 938 2614 recipit
959 2529 992 2591 in
1015 2547 1050 2589 sc
1072 2549 1133 2590 nec
1155 2527 1312 2593 combibit
1335 2529 1502 2615 liquorem.

357 2627 460 2711 igitur
482 2626 548 2690 levi
571 2647 708 2712 raraque
730 2648 804 2690 cum
826 2629 892 2691 sint
914 2629 1113 2715 proprietate
1135 2650 1196 2693 nec
1217 2632 1383 2716 patiantur
1405 2653 1501 2717 pene-

358 2737 444 2791 trare
477 2728 511 2791 in
544 2749 660 2812 corpus
694 2728 840 2792 umidam
873 2738 1083 2814 potestatem,
1118 2753 1320 2818 quocumque
1359 2732 1553 2819 ponderare

356 2829 479 2894 fuerint
506 2829 635 2915 cogitur
661 2828 704 2893 ab
731 2851 839 2894 rerum
867 2839 982 2893 natura
1011 2832 1282 2917 quomadmodum
1310 2856 1431 2921 pumex
1453 2837 1500 2899 uti

356 2931 398 2996 ab
426 2953 512 3017 aqua
538 2932 768 2996 sustineantur.
818 2933 866 2996 sic
892 2940 1001 2995 autern
1030 2953 1164 3017 magnas
1187 2933 1309 2999 habent
1329 2933 1516 3016 utilitates,

356 3031 444 3119 quod
459 3053 564 3118 neque
579 3033 614 3095 in
628 3032 910 3098 aedificationibus
925 3042 1002 3098 sunt
1018 3034 1157 3116 onerosi,
1181 3043 1212 3099 ct
1229 3056 1301 3099 cunr
1324 3034 1499 3117 ducuntur,

355 3158 376 3197 a
397 3134 646 3220 tempestatibus
669 3157 734 3199 non
757 3133 992 3200 dissolvuntur.

423 3326 439 3374 2
458 3323 628 3389 pentadoron
641 3360 647 3373 .
659 3360 685 3377 ..
703 3324 859 3375 tetradoron
874 3325 925 3375 GH
937 3321 1104 3389 (praecarer.
1117 3325 1143 3375 in
1161 3326 1223 3390 ep).
1247 3321 1259 3391 Η
1282 3329 1297 3376 3
1316 3323 1353 3389 (ct
1367 3326 1394 3390 4)
1415 3326 1499 3376 doron

357 3408 414 3457 GH.
438 3404 450 3474 Η
477 3409 618 3472 bquoquo
642 3424 737 3459 versus
762 3408 887 3471 011(st
911 3424 1019 3474 quoque
1044 3425 1140 3460 versus
1161 3408 1213 3474 cl).
1243 3407 1254 3475 Η
1280 3412 1296 3458 6
1319 3410 1439 3475 quinque
1464 3412 1498 3462 G:

355 3493 492 3558 equinque
511 3493 540 3543 H
553 3490 631 3555 (Ide).
656 3489 668 3559 Η
691 3495 706 3542 7
724 3492 891 3558 pentadoros
910 3494 938 3542 H
956 3492 998 3556 (le,
1018 3494 1169 3558 pentadoro
1188 3494 1232 3558 L),
1252 3498 1414 3558 pentatoros
1435 3496 1463 3545 G.
1485 3493 1497 3560 Η

354 3580 371 3629 8
389 3576 543 3628 tetradoron
564 3577 593 3635 θ,
612 3577 751 3628 tetradoro
771 3578 798 3626 H
816 3577 895 3641 (Llc).
916 3575 927 3644 Η
951 3581 966 3628 9
985 3593 1069 3643 quae:
1093 3579 1158 3643 quia
1177 3580 1210 3629 L.
1233 3574 1245 3644 Η
1269 3583 1347 3642 parte
1366 3578 1499 3630 lateribus

357 3662 407 3712 GH
426 3660 452 3724 (e
466 3663 527 3715 adit.
546 3660 633 3726 Sella.)
658 3657 670 3728 Η
693 3664 724 3711 11
744 3676 804 3711 cam
817 3666 958 3713 struuntur
977 3665 1004 3713 H
1018 3662 1101 3728 (Lic):
1121 3666 1316 3713 construuntur
1330 3664 1359 3717 6.
1381 3661 1392 3729 Η
1417 3665 1499 3715 coriis

355 3747 396 3796 H0
414 3745 474 3809 lbi:
495 3744 596 3796 ehoriis
616 3746 667 3796 GH
685 3741 788 3811 (choris
805 3745 850 3811 lc).
872 3743 883 3813 Η
909 3750 938 3797 12
953 3747 1083 3798 collocati
1103 3748 1129 3797 H
1148 3746 1231 3811 (Llclr
1251 3747 1365 3798 collecti
1380 3750 1407 3798 6.
1431 3744 1443 3814 Η
1468 3750 1498 3798 14

354 3830 478 3881 Maxilua
500 3830 574 3880 Vera.
594 3827 697 3892 (Potin
716 3831 837 3881 maxima
857 3831 916 3881 GH.
940 3827 952 3897 Η
974 3832 1040 3882 item
1060 3829 1129 3896 (epo)
1150 3830 1227 3882 Galle
1245 3830 1325 3894 (Cale
1347 3832 1449 3897 Vera),
1470 3833 1498 3881 in

354 3915 421 3965 Asia
444 3914 545 3965 Pitane
569 3913 659 3978 (Jec.),
683 3914 744 3964 ubi:
768 3919 796 3965 et
813 3914 842 3964 in
860 3915 1021 3980 gallilaet*
1029 3916 1058 3965 in
1077 3916 1137 3967 asia
1150 3951 1156 3964 .
1170 3916 1210 3966 ita
1233 3915 1317 3966 neubi
1337 3916 1358 3966 θ
1376 3915 1422 3980 Η...
1437 3916 1498 3967 asia

354 4000 429 4051 itane
443 4036 450 4053 .
463 4000 510 4051 ubi
524 3998 579 4063 (ἴε),
599 4004 627 4048 et
639 3998 764 4065 ingalliis
777 4004 804 4050 et
823 4000 851 4048 in
864 4000 925 4049 asia
941 4000 982 4049 ita
997 3999 1002 4063 Ι
1018 4016 1052 4050 ne
1066 4000 1113 4051 ubi
1130 4002 1158 4050 H
1170 4000 1275 4079 (itavne
1284 4000 1332 4050 ubi
1342 4001 1375 4062 L,
1386 4000 1427 4049 ita
1442 3998 1446 4063 Ι
1462 4015 1495 4048 ne

354 4101 400 4151 ubi
418 4099 446 4166 l).
482 4102 517 4163 es.
536 4102 603 4152 Ptin.
623 4103 665 4160 35,
685 4103 733 4151 171
752 4100 871 4151 Pitanae
890 4100 918 4150 in
936 4101 1004 4151 Asia
1028 4102 1103 4152 etin
1121 4100 1251 4153 ulteriore
1270 4100 1409 4167 Hispania
1428 4100 1495 4149 civi·

354 4185 459 4238 tatibus
477 4185 604 4235 Maxilua
621 4190 648 4234 et
661 4185 791 4235 Callento
811 4184 977 4249 (callonia,
997 4186 1109 4257 canlpnt
1128 4187 1157 4242 ll,
1178 4184 1291 4235 cunlent
1308 4185 1339 4233 V.
1354 4185 1387 4245 cf.
1408 4183 1495 4234 callet

353 4269 386 4321 td.
405 4273 432 4334 3,
453 4272 485 4319 12
504 4275 528 4319 ct
548 4271 589 4320 15.
623 4276 700 4335 atque
717 4272 754 4319 tta
769 4270 840 4332 sorte
857 4272 928 4334 opud
949 4273 1016 4322 Vter.
1036 4271 1063 4320 in
1083 4270 1177 4336 galliis
1197 4273 1224 4319 el
1243 4286 1278 4319 ccc
1290 4270 1318 4319 in
1338 4268 1391 4318 call
1404 4266 1435 4331 dr,
1455 4269 1495 4317 in-

356 4354 460 4418 callae,
483 4354 513 4403 in
537 4353 616 4404 calle.
639 4349 651 4418 Η
676 4356 706 4403 16
725 4353 841 4418 prolecti
863 4362 923 4404 ante
945 4371 1014 4408 cerr.
1036 4357 1065 4406 G.
1090 4353 1101 4422 Η
1124 4356 1227 4405 Nature
1251 4363 1310 4405 anta
1333 4371 1401 4405 corr.
1428 4355 1457 4403 (ι’.
1480 4354 1491 4417 Η

356 4441 385 4487 19
399 4453 517 4503 roreque
536 4445 595 4487 ante
611 4453 680 4487 corr.
701 4437 729 4488 0.
753 4434 764 4504 Η
793 4438 831 4488 sit
851 4439 897 4490 GC:
921 4439 957 4488 sit
971 4440 1021 4490 GH
1039 4440 1119 4502 (Lle).
1144 4436 1156 4506 Η
1179 4455 1227 4487 nce
1245 4439 1314 4490 dea:
1336 4437 1492 4501 riG(Lcd)‚
1593 4442 1602 4450 '

355 4536 406 4572 non
424 4523 453 4572 H
472 4521 512 4585 (l).
536 4517 548 4587 Η
570 4522 715 4586 patiuntur
734 4522 762 4574 G.
788 4519 799 4588 Η
822 4526 853 4572 21
873 4524 977 4574 fuerint
995 4525 1084 4574 Scina:
1109 4523 1194 4572 fuerit
1219 4522 1276 4573 GH.
1300 4519 1312 4588 Η
1336 4523 1443 4587 cogitur
1463 4524 1493 4586 G,

356 4603 443 4671 οοςίιο
465 4606 597 4671 (embipue,
617 4608 712 4671 quippe
734 4608 776 4656 cui
794 4624 845 4671 pro
863 4615 943 4665 us0et
966 4622 997 4655 ur
1019 4622 1098 4671 (reque
1120 4608 1153 4657 ait
1174 4603 1198 4671 9)
1224 4607 1251 4655 H
1270 4603 1390 4672 (cogites
1409 4608 1443 4657 Μ
1459 4626 1493 4651 =

358 4687 443 4756 cogitq
464 4691 515 4755 cl).
540 4687 552 4757 Η
575 4692 607 4741 22
626 4691 816 4743 sustineantur
834 4691 926 4747 Scina
946 4696 1061 4742 -catur
1080 4691 1138 4746 GH.
