3984 5825
439 651 499 716 186
926 666 1084 714 v1rsuv11

436 842 560 907 sapore.
605 822 685 885 item
714 819 869 885 sabulone
896 818 1002 884 soluto
1030 821 1137 884 tenuis
1165 819 1223 885 sed
1250 818 1415 884 inferioris
1443 819 1509 885 loci
1532 821 1583 883 in-

438 924 596 986 venietur.
641 943 679 985 ea
701 924 763 987 erit
785 921 899 987 limosa
922 930 954 986 et
975 923 1133 986 insuavis.
1170 930 1257 985 terra
1278 931 1386 985 autem
1409 922 1504 1007 nigra
1527 945 1583 986 su-

435 1025 531 1088 dores
554 1034 586 1088 et
608 1023 715 1088 stillae
743 1023 845 1088 exiles
867 1025 1094 1105 inveniuntur,
1118 1022 1200 1109 quae
1224 1045 1266 1087 ex
1288 1022 1434 1087 hibernis
1456 1033 1583 1110 tempe-

436 1126 575 1191 statibus
598 1125 753 1190 collectae
775 1127 810 1188 in
832 1126 947 1212 spissis
971 1135 1003 1188 et
1026 1122 1139 1189 solidis
1166 1123 1247 1189 locis
1270 1123 1455 1189 subsidunt.
1499 1124 1585 1189 haec

401 1228 556 1294 shabent
588 1230 747 1314 optimum
779 1249 937 1314 saporem.
986 1224 1097 1311 glarea
1128 1247 1206 1290 vero
1239 1227 1420 1291 mediocres
1453 1235 1487 1291 et
1514 1250 1585 1291 non

435 1339 543 1394 certae
570 1350 673 1392 venae
699 1330 916 1415 reperiuntur.
960 1327 1022 1392 hae
1049 1350 1177 1413 quoque
1205 1337 1281 1393 sunt
1309 1329 1442 1413 egregia
1471 1331 1582 1394 suavi-

434 1441 511 1497 tate.
555 1432 633 1494 item
662 1428 818 1495 sabulone
845 1430 989 1495 masculo
1017 1430 1202 1515 harenaque
1231 1439 1263 1494 et
1291 1429 1488 1496 carbunculo
1512 1453 1583 1496 cer·

435 1534 534 1597 tiores
564 1541 596 1597 et
624 1530 808 1597 stabiliores
838 1541 913 1596 sunt
941 1533 1068 1619 copiae,
1097 1552 1219 1618 eaeque
1240 1541 1316 1598 sunt
1343 1531 1429 1597 bono
1453 1555 1583 1620 sapore.

416 1625 532 1699 'rubro
555 1655 635 1700 saxo
658 1641 691 1698 et
713 1635 863 1721 copiosae
885 1643 917 1699 et
939 1633 1055 1717 bonae,
1079 1635 1108 1699 si
1129 1654 1194 1697 non
1214 1655 1275 1720 per
1297 1635 1482 1700 intervenia
1497 1635 1582 1699 dila-

385 1752 416 1801 10
433 1735 552 1801 bantur
580 1745 612 1800 et
639 1734 831 1823 liquescant.
876 1737 943 1801 sub*
965 1734 1132 1802 radicibus
1160 1743 1269 1801 autem
1295 1737 1455 1802 montium
1483 1745 1518 1801 et
1548 1738 1584 1800 in

434 1838 524 1903 saxis
554 1836 702 1903 silicibus
730 1837 897 1902 uberiores
925 1847 957 1902 et
976 1836 1216 1920 affluentiores,
1247 1859 1367 1924 eaeque
1388 1838 1583 1924 frigidiores

434 1950 510 2004 suut
526 1949 557 2004 et
572 1938 779 2005 salubriores.
809 1938 1045 2026 campestribus
1057 1949 1166 2003 autem
1181 1938 1325 2005 fontibus
1342 1939 1447 2006 salsae
1461 1962 1583 2026 graves

433 2040 580 2130 tepidae,
607 2058 673 2106 non
700 2063 818 2106 suaves
846 2043 912 2106 nisi
941 2062 1023 2128 quae
1052 2062 1094 2105 ex
1122 2041 1287 2106 montibus
1309 2040 1370 2107 sub
1392 2039 1480 2107 terra
1504 2043 1582 2108 sub·

433 2154 602 2209 manantes
623 2153 795 2231 erumpunt
815 2146 850 2208 in
871 2143 997 2209 medios
1013 2165 1142 2230 campos
1158 2142 1270 2229 ibique
1284 2141 1437 2208 arborum
1451 2144 1583 2209 umbris

383 2262 415 2311 15
434 2254 600 2311 contectae
622 2255 789 2332 praestant
815 2255 1041 2310 montanorum
1068 2244 1208 2309 fontium
1230 2246 1437 2310 suavitatem.
1483 2249 1584 2332 signa
1604 2263 1620 2310 3

432 2356 541 2411 autem
562 2347 680 2433 quibus
703 2357 863 2412 terrarum
888 2346 1063 2433 generibus
1091 2368 1190 2432 supra
1216 2348 1375 2434 scriptum
1397 2356 1446 2412 est
1468 2369 1510 2412 ea
1533 2349 1583 2411 in-

395 2484 399 2489 ·
433 2450 606 2515 venientur
619 2450 799 2531 nascentia,
817 2451 925 2515 tenuis
940 2451 1067 2531 iuncus,
1083 2447 1169 2513 salix
1185 2430 1332 2531 erratica,
1348 2447 1456 2531 alnus,
1472 2450 1583 2532 vitex,

432 2552 591 2634 hanmdo,
615 2551 735 2623 hedera
756 2550 884 2639 aliaque
906 2573 989 2638 qnae
1012 2549 1172 2615 eiusmodi
1194 2559 1286 2634 sunt,
1310 2572 1393 2637 quae
1415 2573 1482 2618 non
1505 2574 1583 2638 pos-

433 2662 509 2718 sunt
530 2654 621 2719 nasci
642 2675 701 2741 per
723 2675 758 2719 se
780 2655 850 2719 sine
871 2676 993 2720 umore.
1031 2652 1136 2718 solent
1150 2662 1259 2717 autem
1274 2652 1388 2718 eadem
1401 2654 1438 2718 in
1452 2652 1584 2718 lacunis

382 2776 415 2823 20
431 2765 510 2820 nata
531 2776 604 2820 esse
631 2777 714 2842 quae
741 2753 892 2820 sedentes
920 2763 1049 2842 praeter
1076 2753 1238 2841 reliquum
1264 2777 1379 2841 agrum
1408 2755 1585 2842 excipiunt

434 2880 477 2921 ex
503 2856 663 2923 imbribus
694 2867 727 2922 et
758 2857 847 2943 agris
880 2878 939 2945 per
970 2857 1112 2922 hiemem
1138 2866 1335 2946 propterque
1362 2858 1583 2944 capacitatem

434 2959 558 3025 diutius
580 2968 775 3024 conservant
796 2981 951 3024 umorem.
986 2959 1104 3047 quibus
1127 2968 1192 3024 non
1213 2970 1263 3025 est
1284 2958 1497 3043 credendum,
1521 2961 1583 3025 sed

433 3061 551 3148 quibus
573 3060 763 3145 regionibus
787 3070 819 3126 et
841 3063 952 3145 terris,
975 3083 1040 3126 non
1062 3059 1199 3143 lacunis,
1223 3082 1262 3125 ea
1282 3062 1378 3146 signa
1398 3070 1582 3127 nascuntur

432 3187 498 3228 non
519 3174 590 3228 sata
612 3161 670 3226 sed
692 3161 884 3227 naturaliter
904 3184 964 3249 per
984 3184 1019 3227 se
1041 3172 1221 3249 procreata,
1244 3162 1292 3228 ibi
1314 3173 1364 3229 est
1379 3164 1579 3250 quaerenda.

382 3282 416 3332 25
433 3266 468 3330 in
495 3265 614 3352 quibus
643 3265 671 3329 si
699 3285 756 3327 eae
783 3254 1056 3349 significabuntur
1081 3265 1303 3349 inventiones,
1332 3266 1380 3330 sic
1402 3275 1500 3331 snmt
1522 3279 1613 3330 err-4

432 3364 621 3452 periundae.
664 3364 809 3431 fodiatur
824 3387 1068 3453 quoquoversus
1087 3364 1177 3432 locus
1197 3365 1283 3432 latus
1298 3389 1340 3431 ne
1353 3368 1462 3432 minus
1478 3368 1579 3455 pedes

502 3624 515 3671 1
535 3622 583 3672 sed
601 3621 742 3673 inferioris
760 3621 828 3673 locis
850 3623 888 3673 εἰσ
907 3620 1032 3687 GH(L1,
1056 3622 1105 3673 sed
1127 3605 1226 3673 inforis
1248 3621 1316 3675 locis
1334 3612 1384 3688 eb).
1408 3619 1421 3691 {l
1450 3626 1466 3674 2
1490 3627 1579 3677 terra:

431 3707 469 3757 εἰσ
489 3705 547 3760 GH.
567 3702 580 3772 ll
599 3708 710 3760 sudores
730 3709 763 3760 G:
783 3707 889 3758 sudoris
908 3708 940 3758 H
956 3706 1035 3772 (hle).
1057 3703 1070 3773 ΙΙ
1091 3710 1108 3758 4
1125 3707 1178 3758 hec
1196 3708 1228 3757 H
1243 3705 1307 3773 (hqc
1324 3708 1361 3771 L,
1379 3708 1452 3770 haec
1471 3708 1519 3772 tc):
1544 3708 1579 3774 hq

435 3793 463 3842 (ι’.
485 3788 496 3858 ΙΙ
516 3793 532 3843 5
550 3806 606 3842 nou
623 3797 716 3842 certae
728 3793 784 3844 Joc.
804 3790 903 3856 (epit.):
923 3807 979 3843 non
995 3792 1100 3842 incerte
1120 3789 1192 3859 (-tq
1203 3790 1234 3857 (ἰ)
1250 3793 1307 3844 GH.
1323 3788 1336 3859 ΙΙ
1353 3792 1434 3844 dhas
1448 3794 1481 3843 H
1492 3790 1578 3857 (Lle):

432 3878 485 3942 hqe
505 3876 535 3930 θ.
554 3872 567 3943 ΙΙ
590 3881 653 3926 sunt
671 3877 798 3942 egregia:
815 3876 853 3926 εἰσ
871 3876 929 3926 GH.
952 3873 965 3942 ΙΙ
988 3878 1003 3927 ’1
1021 3876 1180 3941 harenaque
1199 3877 1366 3928 carbunculo
1386 3877 1441 3927 GH
1455 3878 1498 3941 (et
1515 3880 1578 3929 add.

431 3961 512 4027 dou).
530 3957 543 4028 [Ι
566 3961 582 4011 8
600 3965 629 4011 et
646 3959 806 4011 stabiliores
825 3960 859 4013 G:
878 3976 926 4011 om.
943 3961 976 4010 H
991 3956 1098 4027 (1120).ss
1116 3976 1203 4027 aeque
1217 3962 1246 4019 G,
1266 3976 1354 4026 nsque
1370 3962 1403 4011 H
1418 3960 1485 4025 (hae
1504 3976 1578 4027 quse

432 4046 464 4104 L,
482 4046 530 4096 sed
546 4045 654 4109 haeque
671 4046 719 4104 Lo,
743 4060 832 4111 aquae
855 4045 897 4105 ch,
916 4059 987 4112 aque
1006 4048 1026 4105 l,
1048 4046 1096 4095 sed
1112 4048 1134 4096 l0
1152 4044 1260 4113 aeque).
1283 4042 1295 4112 ll
1325 4047 1355 4096 11
1376 4059 1466 4111 nsque
1485 4047 1519 4097 H
1533 4048 1578 4113 (hq

432 4145 484 4195 quq
503 4130 539 4188 L,
561 4132 610 4181 sed
629 4129 665 4196 hq
688 4144 740 4193 qne
758 4132 808 4190 ιθ,
828 4145 916 4195 sequq
937 4132 953 4189 l,
973 4144 1062 4194 aquae
1079 4128 1135 4193 ch):
1159 4133 1242 4195 atque
1262 4130 1292 4181 6.
1316 4126 1329 4198 ss
1357 4131 1390 4181 13
1412 4144 1517 4182 suaves
1542 4132 1576 4182 G:

433 4200 509 4264 ssvis
526 4214 558 4261 H
567 4210 646 4278 (Llc).
663 4210 676 4280 ΙΙ
692 4215 889 4266 submanantes
907 4213 961 4265 GH
976 4213 1044 4277 (ccli,
1058 4213 1254 4266 submanantes
1272 4215 1307 4266 Lt
1323 4222 1350 4266 et
1359 4220 1422 4265 ante
1433 4231 1505 4267 corr.
1515 4214 1549 4282 σ).
1562 4213 1574 4280 ll

434 4299 466 4347 14
488 4296 649 4362 inmeldios
672 4314 784 4365 campos
805 4298 900 4363 ibique
923 4298 957 4351 G:
984 4297 1106 4349 inmedio
1129 4296 1243 4366 campo}
1255 4299 1364 4365 sibique
1390 4300 1424 4349 H
1445 4298 1576 4363 (inmedio

434 4396 529 4448 campo
547 4382 654 4448 sibique
673 4383 742 4450 Hc).
764 4380 777 4450 ΙΙ
800 4384 831 4434 16
847 4383 992 4436 invenient
1009 4388 1068 4433 unte
1084 4384 1204 4452 eumd.
1225 4380 1237 4450 ΙΙ
1266 4386 1296 4435 lt)
1314 4383 1412 4435 eadem
1436 4384 1576 4435 inlanunis

435 4467 489 4516 GH
502 4467 555 4531 (la,
575 4466 712 4519 inlacunis
732 4467 827 4518 eadem
844 4468 896 4531 eh).
917 4464 932 4535 ΙΙ
954 4470 988 4519 20
1010 4466 1150 4519 sedentes:
1171 4470 1209 4518 εἰσ
1233 4468 1291 4522 011.
1316 4465 1329 4536 ΙΙ
1353 4471 1386 4520 21
1405 4473 1575 4535 propterque

435 4565 496 4615 rap.
515 4550 632 4602 diutius:
649 4554 688 4602 εἰσ
707 4552 764 4603 GH.
785 4548 798 4618 Η
816 4554 850 4602 24
867 4556 1027 4618 procreata:
1050 4553 1088 4603 εἰσ
1105 4553 1165 4604 GH.
1189 4549 1202 4620 ΙΙ
1227 4554 1260 4604 25
1278 4568 1330 4606 aas
1347 4554 1381 4603 H
1399 4551 1468 4617 (has
1487 4554 1523 4613 11,
1541 4554 1574 4619 hq

434 4633 472 4692 ch,
490 4633 525 4684 he
542 4633 576 4697 l):
594 4635 629 4700 hq
650 4636 679 4688 G.
699 4631 711 4701 ll
731 4636 928 4701 experiundae:
945 4638 984 4688 εἰσ
1003 4637 1062 4691 ali.
1081 4632 1099 4704 ιΙΙ
1123 4638 1157 4688 26
1175 4652 1284 4703 quoquo
1306 4652 1404 4689 versus
1427 4639 1484 4690 GH
1499 4637 1573 4703 (quo-

435 4730 486 4782 que
504 4731 599 4769 versus
616 4718 685 4781 Lle).
