3984 5825
434 667 476 730 28
924 685 1081 732 virauvn

435 837 546 923 primit
573 859 724 920 aurarum
752 836 945 901 antelucano
974 839 1092 924 spiritu
1121 838 1227 902 flatus
1278 838 1334 924 qui
1363 860 1435 900 cum
1468 847 1583 900 exorto
1645 878 1647 883 -

434 936 502 1002 sole
523 948 787 1026 permanserunt,
817 940 885 1002 euri
907 941 999 1003 venti
1026 949 1138 1003 tenent
1165 949 1290 1027 partes,
1321 948 1352 1003 et
1375 961 1413 1001 ea
1435 960 1471 1000 re
1494 937 1584 1023 quod

435 1062 477 1103 ex
499 1040 587 1104 auris
609 1050 798 1127 procreatur
819 1039 861 1104 ab
878 1040 1013 1105 Graecis
1038 1065 1137 1126 ευρος
1157 1041 1289 1105 videtur
1309 1063 1381 1105 esse
1395 1038 1583 1127 appellatus

434 1142 659 1228 crastinusque
682 1143 752 1205 dies
775 1152 908 1228 propter
928 1165 1024 1207 auras
1047 1144 1224 1207 matutinas
1247 1165 1367 1227 avprov
1389 1141 1496 1207 fertur
1511 1163 1584 1204 esse

399 1244 607 1307 evocitatus.
657 1253 732 1308 sunt
764 1253 872 1307 autem
906 1243 1054 1309 nonnulli
1090 1247 1145 1331 qui
1178 1252 1299 1328 negant
1327 1243 1584 1308 Eratosthenem

433 1345 579 1432 potuisse
601 1366 712 1408 veram
738 1367 923 1408 mensuram
950 1346 1039 1410 orbis
1067 1356 1172 1410 terrae
1195 1345 1357 1431 colligere.
1403 1368 1487 1431 quae
1510 1346 1583 1408 sive

434 1455 484 1510 θεῖ
508 1455 596 1509 certa
618 1446 688 1509 sive
706 1469 772 1511 non
787 1467 876 1530 vera,
899 1470 964 1511 non
978 1457 1087 1534 potest
1101 1458 1212 1512 nostra
1228 1450 1390 1534 scriptura
1404 1470 1470 1511 non
1485 1468 1582 1509 veras

432 1547 553 1612 habere
575 1549 819 1612 terminationes
841 1551 1011 1633 regionum
1032 1548 1119 1613 unde
1134 1551 1267 1637 spiritus
1279 1559 1456 1643 ¹ventorum
1472 1549 1582 1611 oriun-

364 1717 368 1727 ,
432 1660 494 1714 tur.
541 1671 617 1734 crgo
640 1651 668 1713 si
689 1650 736 1713 ita
759 1658 822 1732 θεῖ,
851 1660 978 1715 tantum
1007 1652 1068 1714 erit
1096 1652 1144 1714 uti
1171 1674 1237 1715 non
1260 1661 1382 1716 certam
1404 1672 1581 1714 mensurae
1603 1673 1632 1719 12

383 1768 414 1815 10
432 1753 591 1817 rationem
614 1753 671 1815 sed
694 1760 751 1815 aut
772 1752 911 1816 maiores
934 1754 1074 1840 impetus
1102 1763 1158 1816 aut
1185 1754 1326 1816 minores
1349 1751 1492 1816 habeant
1516 1753 1582 1814 sin-

431 1853 501 1938 guli
523 1854 623 1917 venti.
1489 1863 1490 1867 ’

519 1955 682 2036 Quoniam
704 1955 784 2019 haee
805 1978 825 2018 a
846 1955 941 2020 nobis
962 1964 1037 2018 sunt
1051 1953 1197 2019 breviter
1213 1957 1374 2042 exposita,
1396 1965 1434 2019 ut
1449 1954 1583 2018 facilius

432 2055 666 2140 intellegantur
693 2058 802 2119 visum
831 2047 888 2121 est
906 2057 986 2120 mihi
1014 2059 1049 2119 in
1077 2066 1222 2122 extremo
1250 2057 1415 2122 volumine
1445 2055 1584 2138 formas,

433 2160 504 2221 sive
525 2159 574 2220 uti
597 2156 716 2220 Graeci
739 2174 889 2241 σχηματα
911 2158 1034 2240 dicunt,
1059 2157 1122 2222 duo
1145 2157 1321 2244 explicare,
1344 2181 1446 2222 unum
1462 2159 1509 2221 ita
1525 2157 1582 2220 de-

383 2258 607 2323 reformatum
628 2267 664 2322 ut
686 2268 840 2345 appareat
861 2259 949 2323 unde
971 2260 1052 2323 certi
1067 2269 1239 2325 ventorum
1262 2260 1397 2347 spiritns
1416 2261 1583 2341 ⁴oriantur,

324 2446 326 2450 Ι
432 2358 571 2424 alterum
587 2359 858 2445 quemadmodum
878 2360 921 2424 ab
936 2363 1060 2448 impetu
1075 2382 1185 2424 eorum
1200 2362 1325 2425 aversis
1342 2359 1584 2425 directionibus

433 2463 580 2524 vicorum
604 2470 636 2525 et
657 2460 838 2547 platearum
861 2464 1025 2526 evitentur
1051 2472 1205 2526 nocentes
1233 2463 1339 2527 flatus.
1385 2463 1448 2526 erit
1470 2472 1584 2525 autem

433 2563 468 2626 in
490 2572 671 2648 exaequata
699 2562 835 2649 planitie
863 2553 1010 2628 centrum
1037 2563 1096 2627 ubi
1129 2573 1178 2628 est
1206 2564 1375 2646 litteren,
1405 2564 1583 2648 gnomonis

433 2674 542 2729 autem
564 2665 820 2728 antemeridiana
841 2664 957 2729 umbra
978 2663 1036 2728 ubi
1059 2673 1108 2729 est
1131 2683 1163 2748 Β,
1188 2675 1220 2729 θῖ
1240 2688 1260 2728 a
1282 2676 1393 2731 centro
1415 2665 1474 2729 ubi
1492 2675 1543 2729 est
1559 2682 1583 2726 Α

383 2781 416 2830 20
434 2765 567 2845 diducto
590 2768 712 2831 circino
733 2767 776 2830 ad
798 2768 833 2831 id
856 2769 984 2852 signum
1006 2765 1141 2832 umbrae
1163 2767 1220 2831 ubi
1242 2777 1292 2831 est
1315 2785 1353 2850 Β,
1377 2769 1582 2850 circumaga-

433 2879 486 2934 tur
507 2867 593 2934 linea
612 2867 863 2934 rotundationis.
906 2868 1050 2957 reposito
1078 2877 1186 2932 autem
1213 2890 1374 2953 gnomone
1402 2868 1461 2932 ubi
1483 2877 1584 2932 antea

432 2971 555 3053 fuerat,
584 2971 787 3059 expectanda
815 2981 864 3035 est
891 2970 969 3035 dum
992 2970 1159 3035 decrescat
1181 2969 1345 3057 faciatque
1367 2973 1486 3034 iterum
1511 2990 1582 3033 cre-

432 3073 553 3137 scendo
575 3095 686 3161 parem
706 3072 982 3138 antemeridianae
996 3071 1131 3136 umbrae
1145 3072 1434 3158 postmeridianam
1449 3081 1584 3156 tangat-

434 3197 496 3260 que
517 3173 634 3237 lineam
658 3173 898 3239 rotundationis
919 3172 977 3236 ubi
1000 3175 1062 3237 erit
1083 3172 1237 3237 litterae.
1281 3184 1359 3238 tunc
1374 3196 1394 3236 a
1409 3173 1506 3258 signo
1522 3172 1584 3236 ubi

382 3291 416 3339 ‘25
434 3285 483 3338 est
505 3293 526 3338 Β
555 3283 588 3337 et
614 3296 634 3337 a
661 3276 756 3359 signo
783 3276 842 3337 ubi
870 3283 919 3337 est
947 3289 967 3336 c
994 3275 1116 3338 circino
1145 3274 1343 3339 decussatim
1372 3274 1584 3338 describatur

433 3373 491 3437 ubi
514 3375 576 3437 erit
598 3391 639 3456 D,
669 3374 788 3449 deinde
811 3396 869 3461 per
891 3372 1153 3457 decussationem
1174 3375 1232 3440 ubi
1254 3386 1304 3440 est
1326 3393 1350 3438 Ι)
1373 3386 1406 3439 θῖ
1429 3385 1584 3439 centrum

433 3472 631 3560 perducatur
656 3474 744 3539 linea
769 3476 813 3539 ad
841 3470 1039 3559 extremum,
1068 3478 1104 3541 in
1131 3499 1195 3562 qua
1222 3476 1309 3540 linea
1331 3486 1425 3541 erunt
1448 3476 1583 3541 litterae

501 3683 517 3730 3
531 3681 566 3731 ab
579 3679 707 3746 grae(gre
722 3682 796 3747 G)crs
814 3698 897 3733 aur-us
910 3683 968 3733 GH.
985 3678 996 3748 ΙΙ
1017 3684 1143 3732 tanrron
1157 3684 1208 3732 GH
1217 3681 1261 3744 (L,
1272 3685 1349 3733 aurii
1363 3680 1407 3747 lc).
1419 3678 1432 3749 ΙΙ
1444 3684 1461 3733 5
1471 3687 1582 3732 antam:

434 3764 483 3815 eni
495 3765 524 3814 G.
542 3761 555 3831 ΙΙ
572 3769 727 3817 θτεῖοεῖθιιό
746 3768 775 3829 G,
796 3768 1001 3831 eratos)tenem
1018 3767 1048 3814 Η
1070 3762 1260 3829 (eratoatenen
1278 3768 1323 3827 L).
1345 3764 1358 3832 l)
1386 3770 1401 3817 7
1420 3771 1499 3817 certe
1518 3776 1583 3817 ante

433 3866 502 3901 corr.
523 3850 552 3902 G.
572 3847 584 3916 ΙΙ
606 3852 622 3899 9
641 3852 694 3901 erit
712 3867 758 3904 om.
778 3853 811 3904 L.
834 3848 846 3917 ΙΙ
870 3853 902 3901 13
919 3849 1115 3914 intelligantur
1132 3852 1186 3902 ed:
1209 3850 1390 3917 intellegatur
1410 3852 1470 3903 GH.
1493 3850 1583 3918 ssier-

432 3949 492 3984 mas
510 3934 591 3984 Pur:
611 3934 697 3984 sormi
716 3935 773 3984 GH.
797 3932 809 4000 ΙΙ
833 3937 865 3985 14
883 3935 1028 3985 schemata
1048 3934 1107 3983 GH.
1130 3930 1143 3998 ΙΙ
1171 3936 1202 3983 16
1221 3936 1339 3985 aversis:
1361 3938 1401 3985 aie
1420 3936 1480 3985 GH.
1505 3933 1518 4003 ΙΙ
1549 3939 1582 3987 18

433 4052 570 4117 gnominis
590 4052 625 4116 (ct
642 4055 674 4102 21
692 4055 820 4118 gnomine
838 4054 882 4103 ubi
897 4063 924 4103 cc
942 4026 1011 4115 dne)
1035 4052 1065 4101 cd
1082 4054 1137 4102 soli.
1154 4047 1166 4118 l)
1182 4054 1214 4101 19
1226 4052 1275 4102 nbi
1283 4057 1332 4102 est.
1344 4051 1531 4105 b.&acentro
1545 4056 1582 4105 G:

431 4137 482 4187 ubi
500 4140 544 4185 est
562 4136 597 4186 .b.
618 4134 693 4186 &.e.
712 4141 808 4187 centro
826 4139 856 4186 H
873 4137 993 4199 (ceterum
1014 4139 1053 4185 sic
1073 4150 1173 4199 semper
1192 4138 1288 4186 litteris
1309 4138 1447 4187 canoribus
1465 4146 1493 4188 et
1510 4140 1583 4189 inter

431 4223 482 4272 duo
497 4228 594 4284 puncta
610 4222 701 4285 positis
720 4219 791 4285 GH).
813 4218 826 4288 ΙΙ
847 4222 896 4271 ubi
914 4226 956 4275 est
979 4236 1015 4269 .a.
1034 4219 1146 4269 diducto
1164 4220 1219 4269 ed:
1247 4220 1294 4270 ubi
1313 4226 1358 4269 est
1382 4238 1418 4270 .e.
1438 4219 1463 4271 ds
1481 4222 1525 4285 (et
1546 4222 1582 4288 G)

432 4305 467 4355 .b.
486 4304 603 4354 deducto
623 4304 680 4354 GH.
704 4302 717 4370 Ι]
739 4308 772 4355 20
789 4304 819 4354 id
836 4322 883 4356 om.
903 4304 932 4354 G.
956 4302 968 4369 l)
994 4306 1028 4353 22
1046 4303 1231 4369 expectanda:
1254 4307 1292 4353 aie
1311 4306 1370 4358 GH.
1393 4303 1405 4369 ΙΙ
1429 4307 1582 4370 asparem

433 4390 467 4440 G:
486 4393 594 4454 partem
610 4388 640 4437 H
658 4388 776 4452 (Ocelo).
799 4386 811 4452 ΙΙ
838 4390 871 4437 24
889 4403 922 4441 .e.
944 4389 965 4437 G
983 4387 1042 4450 (sed
1060 4389 1094 4437 Gc
1112 4387 1154 4449 d):
1178 4403 1211 4439 .e.
1231 4388 1261 4435 H
1278 4388 1358 4451 (Ile).
1382 4386 1395 4455 ΙΙ
1417 4391 1451 4439 25
1472 4406 1507 4439 .e.
1529 4392 1586 4442 GH

432 4471 559 4535 (bic-,sed
571 4472 704 4523 donem
716 4473 754 4537 d).
774 4469 787 4539 ΙΙ
807 4475 840 4522 26
853 4472 1074 4521 decussationem
1082 4472 1132 4521 nbi
1144 4476 1185 4521 est
1204 4471 1238 4524 ,d
1257 4477 1286 4521 et
1304 4478 1430 4522 centrum
1441 4474 1513 4524 Joc:
1534 4475 1583 4526 de-

432 4555 604 4605 cusationem
622 4554 646 4606 &
663 4555 703 4618 (et
722 4558 754 4619 G)
774 4563 898 4607 centrum
915 4554 963 4603 nbi
982 4558 1025 4602 est
1043 4554 1077 4601 .d.
1098 4555 1149 4603 GH
1161 4554 1229 4617 (Lle,
1246 4559 1295 4606 red
1311 4556 1360 4605 ubi
1373 4562 1417 4605 est
1435 4574 1470 4607 .e.
1493 4560 1570 4626 Gc).,'

430 4640 464 4687 a?
482 4638 518 4687 ad
536 4644 685 4687 extremum
705 4639 766 4702 (d):
790 4639 978 4689 abextremum
997 4636 1049 4686 GH
1071 4634 1125 4700 (rc).
1149 4632 1162 4702 ΙΙ
1185 4644 1265 4687 erunt
1286 4640 1401 4690 litterae
1422 4640 1499 4708 (G⁶):
1525 4645 1583 4694 erit

430 4720 526 4770 littera
546 4722 597 4770 GH
614 4720 693 4783 (Lis).
