3984 5825
738 422 782 469 oa
806 421 1070 469 arrcuuucmnm
1098 423 1164 470 inu.
1190 425 1235 471 ax.
1495 412 1550 472 231

413 575 548 637 inferius
574 576 698 638 ventris
727 574 789 638 sub
812 574 948 637 <atridam
977 574 1142 640 subiectus
1166 585 1215 639 est
1238 586 1418 641 centaurus.
1465 579 1557 640 iuxta,

413 687 538 738 cratera
568 686 599 739 et
634 674 757 739 leonem
791 676 884 740 ortuis
919 686 969 740 ost
1002 698 1084 762 (pum
1111 679 1296 742 nominatur
1324 677 1429 761 Argo,
1465 680 1555 743 cuius

415 799 508 863 prora
531 777 739 860 obscuratur,
763 778 821 841 stad
843 776 946 841 iratius
971 786 1003 842 et
1026 800 1108 863 quam
1130 789 1206 843 siant
1228 780 1315 843 eirca
1336 778 1556 861 gubernacula

413 879 587 943 erinnentia
611 878 779 962 videntur,
811 881 945 966 ipsaque
974 877 1143 943 naviculae
1171 883 1289 968 puppis
1318 903 1376 968 pcr
1397 902 1553 944 suarnnam

412 980 547 1044 calidam
564 982 636 1044 cani
653 981 809 1063 iungitur.
838 981 985 1064 geruinos
1002 989 1109 1044 autem
1126 981 1325 1047 rnirmsculus
1342 984 1430 1047 canis
1449 985 1553 1069 scqui-
1573 1002 1589 1048 o

413 1092 462 1146 tur
477 1093 590 1145 contra
605 1083 721 1165 angnia
738 1090 845 1167 caput.
874 1083 975 1146 maior
991 1083 1068 1146 item
1085 1085 1231 1171 sequitur
1246 1085 1414 1147 minorem.
1453 1085 1554 1149 (sirion

411 1205 487 1247 vero
499 1192 704 1249 transversus
719 1192 768 1246 cst
779 1181 955 1265 subiectus,
969 1205 1100 1270 pressus
1112 1184 1233 1269 unguba
1244 1186 1340 1267 tauri,
1353 1208 1449 1249 manu
1461 1184 1555 1249 laeva

386 1301 396 1344 a
411 1295 523 1350 tenens
547 1306 655 1349 ensem
667 1333 675 1366 ,
700 1283 826 1348 clavam
847 1283 950 1349 altera
970 1284 1013 1349 ad
1035 1286 1183 1370 gemines
1204 1284 1330 1350 tollens.
1375 1286 1461 1373 apud
1485 1289 1554 1352 eius

411 1409 486 1451 vero
510 1386 616 1451 basim
639 1387 727 1449 canis
751 1406 852 1474 parvo
880 1384 1052 1451 intervallo
1075 1388 1248 1475 insequens
1271 1387 1422 1476 leporem.
1459 1389 1554 1452 arieti

409 1499 439 1553 et
463 1488 609 1576 piscibus
633 1497 722 1553 cetus
746 1496 794 1551 est
813 1487 991 1569 subiectus,
1016 1511 1034 1551 a
1057 1490 1148 1553 (euius
1172 1491 1271 1553 erista
1293 1490 1440 1555 ordinate
1455 1491 1552 1555 utris·
1576 1508 1604 1554 ro

409 1611 470 1676 qua
493 1589 637 1676 piscibus
654 1589 814 1678 disposita
829 1599 877 1653 est
893 1590 999 1655 tenuis
1023 1588 1109 1653 fusio
1132 1589 1316 1674 stellarum,
1341 1612 1423 1678 quac
1438 1612 1553 1673 graece

410 1693 595 1756 vocitantur
616 1691 812 1775 conationes.
837 1712 1019 1778 magnoque
1041 1691 1213 1757 intervallo
1235 1694 1394 1757 introrsus
1422 1714 1553 1781 pressus

408 1792 511 1858 nodus
534 1794 734 1881 serpentium
756 1793 891 1877 attingit
913 1814 1070 1857 summam
1091 1795 1154 1859 ceti
1170 1794 1312 1858 cristam.
1342 1793 1480 1858 Eridani
1495 1816 1553 1880 por

407 1895 547 1982 specium
560 1892 726 1960 stellarum
738 1894 858 1960 flumen
870 1893 1013 1980 profluit,
1030 1896 1159 1960 initium
1170 1894 1270 1959 fontis
1286 1896 1416 1984 capiens
1429 1919 1449 1959 a
1461 1895 1551 1959 laeve

409 1995 489 2082 pede
510 1996 654 2061 (irionis.
699 2017 782 2083 quae
805 2017 882 2059 vero
905 1995 947 2060 ab
968 1998 1100 2083 aquario
1123 1995 1217 2061 fundi
1239 2008 1435 2062 memoratur
1456 2019 1550 2084 aqua,
1573 2014 1602 2060 m

408 2097 538 2183 profluit
560 2099 645 2161 inter
667 2099 766 2185 piscis
789 2098 928 2162 austrini
950 2109 1047 2186 eaput
1070 2108 1101 2163 ct
1123 2097 1260 2163 caudam
1282 2100 1356 2165 ceti.

372 2219 392 2265 -t
492 2198 587 2279 Quae
614 2200 754 2282 figurata
788 2198 1053 2287 conformataque
1088 2210 1163 2265 sunt
1196 2200 1340 2265 siderum
1368 2203 1402 2266 in
1430 2200 1568 2266 mundo·

409 2298 595 2384 simulacra,
625 2310 740 2366 natura
763 2300 940 2387 divinaque
963 2311 1071 2367 mente
1094 2302 1264 2385 designata
1272 2352 1280 2383 ,
1304 2312 1340 2369 ut
1363 2303 1550 2368 Democrito

409 2401 543 2490 physico
566 2400 698 2489 placuit,
722 2403 872 2490 exposui,
895 2402 953 2469 sed
977 2413 1102 2468 tantum
1126 2425 1163 2467 cu
1186 2427 1321 2490 quorum
1345 2414 1433 2469 ortus
1451 2415 1482 2468 et
1498 2428 1548 2468 oe-

410 2524 498 2570 casus
527 2524 697 2592 possumus
725 2503 988 2569 animadvertere
1019 2515 1051 2569 et
1078 2503 1179 2569 oeulis
1209 2505 1365 2569 contueri.
1411 2527 1548 2591 natuque
1568 2525 1600 2569 ao

409 2608 452 2670 nti
475 2607 712 2693 septentriones
741 2606 863 2670 circum
890 2607 962 2670 axis
991 2606 1157 2670 cardinem
1180 2616 1348 2670 versantes
1377 2628 1441 2669 non
1464 2607 1547 2669 occi-

409 2705 486 2772 dunt
509 2729 613 2795 neque
641 2707 702 2772 sub
731 2715 852 2772 terram
874 2706 1031 2790 salierint,
1061 2709 1108 2772 sic
1131 2707 1217 2770 circa
1240 2707 1454 2771 meridianum
1478 2728 1545 2768 car-

408 2807 527 2891 dinem,
550 2810 606 2896 qui
628 2819 678 2873 cst
701 2817 833 2897 propter
855 2807 1098 2873 inclinationem
1120 2807 1233 2873 niundi
1249 2807 1414 2873 subiectus
1430 2816 1547 2888 terrae,

406 2910 513 2977 sidera
535 2910 744 2977 versabunda
772 2908 970 2998 latentiaque
997 2933 1061 2975 noa
1089 2909 1211 2976 liabent
1239 2932 1388 2994 egressus
1412 2911 1545 2975 orientis

404 3036 502 3101 salira
524 3022 652 3078 terram.
698 3014 807 3099 itaque
830 3033 940 3075 corum
963 3012 1172 3094 figurationes
1197 3022 1328 3100 propter
1350 3011 1545 3076 obstantiam
1565 3030 1597 3076 ‘so

403 3122 508 3178 terrac
534 3137 599 3179 non
629 3124 704 3180 suut
737 3124 843 3178 notae.
898 3112 993 3177 huius
1028 3123 1135 3177 autem
1170 3114 1217 3177 rei
1246 3111 1346 3178 index
1375 3123 1424 3177 est
1452 3112 1546 3177 stcila

403 3205 546 3303 Canopi,
576 3237 657 3302 qitac
686 3215 737 3279 his
765 3213 954 3298 regionibus
984 3222 1033 3277 cst
1062 3215 1188 3296 ignota,
1224 3214 1410 3279 renuntiant
1437 3225 1544 3279 autem

472 3458 484 3505 l
506 3455 617 3506 iuferius
636 3456 719 3510 Mea:
740 3456 855 3506 interius
874 3455 959 3506 EGH.
982 3452 994 3521 Η
1018 3456 1096 3505 iuxta
1115 3455 1175 3509 EG:
1194 3456 1309 3507 iustall
1326 3454 1404 3520 (liic).
1428 3453 1439 3521 Η
1463 3460 1478 3507 4
1498 3472 1544 3506 ua-

402 3538 511 3592 riculae
530 3540 615 3594 Meas
635 3539 765 3591 navicula
785 3545 812 3588 et
826 3539 910 3594 cell.
934 3537 946 3606 Η
970 3539 1166 3590 burinuseuius
1179 3540 1230 3590 aa
1250 3541 1325 3590 —los
1338 3540 1416 3591 acl!
1434 3538 1513 3604 (tie).
1531 3540 1542 3603 Η

401 3624 504 3676 'itauri
516 3625 594 3675 I'lriia
616 3624 741 3676 centauri
760 3623 845 3674 ΕθΙΙ.
859 3620 872 3690 Η
887 3630 903 3672 e
917 3630 1014 3674 tenens
1033 3624 1138 3687 (ensem
1157 3641 1203 3688 epe
1222 3625 1255 3687 cf.
1274 3624 1351 3673 scoot.
1374 3625 1466 3685 (ieras,
1486 3624 1542 3688 pei-

400 3707 454 3759 lem
474 3707 544 3758 Mor.
568 3706 640 3772 add.)
665 3708 744 3760 clavi
766 3706 935 3774 i-vam.la')
962 3709 1049 3760 atterit
1073 3708 1149 3758 coll
1172 3707 1291 3770 (olavam
1317 3706 1406 3758 attera
1431 3704 1507 3768 (isit).
1528 3700 1541 3768 Η

402 3790 474 3858 apud
488 3792 569 3842 lau:
583 3797 665 3858 caput
677 3792 762 3846 ΜΗ.
774 3788 786 3858 Η
799 3793 858 3842 cius
871 3807 949 3846 vero:
963 3795 1000 3843 sie
1010 3792 1095 3847 coll.
1107 3788 1119 3859 Η
1133 3794 1163 3843 10
1178 3794 1270 3840 coetus
1282 3790 1365 3840 acri.
1377 3786 1388 3855 Η
1405 3792 1432 3840 it
1447 3790 1542 3854 graeei

402 3878 429 3928 H
442 3876 503 3940 (ch).
516 3873 528 3941 Η
542 3879 571 3928 12
585 3878 742 3928 vocitantur
754 3876 935 3928 lrarmedoose
949 3876 1072 3942 (bennae
1087 3875 1175 3926 deirae
1188 3874 1220 3931 E,
1235 3874 1326 3924 herme
1339 3873 1408 3939 dona
1420 3873 1450 3936 θ)
1466 3873 1543 3923 cell

401 3952 573 4026 (consociare
605 3961 735 4012 Turnebus
753 3977 805 4010 rura
828 3960 979 4026 Scalipero).
1007 3956 1020 4026 Η
1049 3963 1079 4010 13
1102 3959 1188 4010 nodus
1217 3957 1276 4008 aas
1312 3974 1357 4009 ora.
1381 3959 1410 4008 ll
1427 3955 1506 4021 (hle).
1528 3956 1539 4024 Η

402 4045 479 4096 coitu
498 4045 534 4107 Il,
554 4046 625 4096 coeti
640 4042 737 4110 ΜΗ,
756 4045 811 4111 coti
828 4053 887 4096 ants
906 4062 973 4097 com.
995 4047 1016 4094 l}
1035 4043 1110 4107 (aicae
1128 4062 1148 4093 o.
1164 4047 1194 4094 io'
1213 4042 1284 4092 coeti
1297 4042 1352 4100 EG.
1373 4039 1440 4093 eoin
1459 4042 1505 4104 li).
1528 4041 1539 4105 Η

402 4130 516 4180 Eridani
533 4130 604 4180 doe:
624 4145 684 4181 esse
704 4130 748 4193 tea
769 4127 800 4195 (i)
821 4129 873 4181 tuit
895 4130 981 4181 coll.
1006 4126 1017 4195 Η
1043 4131 1073 4179 17
1097 4127 1337 4192 conformataque:
1361 4128 1398 4176 aie
1421 4125 1505 4180 la'Gll.
1527 4123 1539 4203 Η

404 4216 624 4266 ratumenna:
649 4220 686 4266 sic
705 4216 789 4269 cell.
813 4212 825 4282 Η
848 4217 878 4264 21
904 4214 1107 4279 septentriones
1126 4211 1174 4260 EG
1193 4209 1258 4273 (cleis
1284 4210 1490 4276 septemtrionis
1513 4210 1541 4259 ll

402 4299 465 4363 (hii.
486 4296 498 4365 Η
521 4307 662 4351 versantes
674 4302 744 4352 draca:
765 4304 910 4352 vorsantur
929 4298 1015 4348 stau.
1038 4294 1050 4363 Η
1073 4297 1104 4347 22
1122 4296 1163 4345 sie
1182 4295 1257 4344 eirca
1270 4295 1317 4345 EG
1335 4292 1413 4357 (Niriz
1439 4294 1540 4344 siciron

403 4385 428 4433 ll
446 4383 505 4446 (ae,
525 4385 575 4435 aad
594 4386 669 4436 circa
688 4388 709 4436 ic
726 4387 752 4436 ia
769 4388 940 4450 supplemento
958 4382 1008 4432 ioci
1019 4381 1050 4430 ob
1063 4385 1071 4431 i
1084 4380 1186 4442 ambri).
1200 4375 1212 4446 Η
1224 4381 1255 4431 aa
1268 4382 1359 4429 terrae
1380 4377 1406 4428 ll
1419 4376 1539 4440 (colion

403 4473 475 4519 terro
496 4469 519 4518 Ε
538 4477 562 4520 ci
581 4476 639 4520 trote
658 4487 725 4522 (aar.
747 4470 775 4523 (ι’,
800 4465 811 4535 Η
834 4470 867 4518 24
886 4468 1011 4516 orientis:
1031 4468 1068 4518 sic
1087 4464 1172 4520 cell.
