3984 5825
748 675 796 721 ou
818 673 1087 722 Asscfflrucrussn
1111 676 1179 722 ma.
1204 678 1237 722 x.
1499 664 1562 727 261

360 844 400 908 11)
499 830 553 894 De
575 827 748 916 hydraulis
770 837 879 891 autem
901 849 983 913 quas
1007 827 1150 909 habeant
1176 830 1440 896 ratiocinationes
1463 855 1560 918 quam
1578 847 1646 898 X111

411 933 612 997 brevissime
640 931 854 1017 proximeque
882 931 1044 1013 attingere
1072 939 1183 1015 potero
1213 942 1245 994 et
1267 933 1428 1020 scriptura
1450 956 1561 997 consc-

411 1035 480 1121 qui,
503 1057 569 1096 non
591 1032 864 1119 praetermittam.
908 1030 949 1094 de
971 1033 1109 1095 materia
1131 1045 1303 1118 compacta
1324 1033 1407 1116 basi,
1429 1057 1505 1098 arca
1527 1038 1561 1099 in

412 1159 449 1200 ea
473 1156 614 1198 ex-aere
637 1132 798 1197 fabricata
820 1131 1019 1198 conlocatur.
1063 1156 1163 1220 supra
1185 1133 1290 1199 basim
1319 1137 1490 1220 eriguntur
1511 1159 1559 1201 re-

410 1237 510 1323 gulae
537 1237 657 1300 dextra
682 1256 722 1298 ac
755 1236 887 1298 sinistra
914 1233 1034 1300 scalari
1066 1236 1172 1298 forma
1203 1247 1406 1324 compactae,
1441 1239 1594 1324 quibust

411 1338 626 1403 includuntur
653 1337 742 1400 aerei
769 1335 921 1418 modioli,
950 1335 1098 1400 fundulis
1126 1336 1374 1404 ambulatilibus
1402 1362 1445 1403 ex
1466 1351 1559 1405 torno

411 1440 579 1505 subtiliter
601 1438 747 1503 subactis
762 1436 959 1502 habentibus
981 1438 1065 1502 fixos
1088 1440 1123 1501 in
1144 1440 1253 1503 medio
1275 1445 1399 1506 ferreos
1419 1463 1559 1506 ancones

412 1554 444 1608 et
467 1540 638 1606 verticulis
662 1561 736 1604 cum
757 1540 907 1603 vectibus
931 1541 1132 1622 coniunctoS,
1155 1540 1362 1628 pellibusque
1376 1541 1494 1607 lanatis
1508 1545 1558 1607 in-

411 1643 545 1710 volutis.
579 1644 659 1706 item
681 1643 716 1706 in
738 1663 864 1704 summa
885 1639 1024 1726 planitia
1046 1642 1206 1706 foramina
1228 1645 1358 1708 circiter
1380 1645 1558 1729 digitorum

411 1758 551 1811 ternum.
597 1743 715 1830 quihus
738 1743 954 1807 foraminibus
978 1745 1127 1829 proxime
1149 1746 1185 1806 in
1206 1745 1376 1810 verticulis
1400 1744 1559 1810 conlocati
1578 1766 1609 1814 10

412 1849 499 1912 acrei
522 1845 670 1933 delphini
686 1845 864 1932 pendentia
878 1843 1001 1909 habent
1017 1848 1140 1910 catenis
1164 1845 1314 1932 cymbala
1337 1870 1379 1911 ex
1394 1869 1449 1911 ore
1471 1848 1558 1911 infra

381 1950 573 2014 aforamina
604 1945 818 2011 modiolorum
847 1944 962 2009 calata.
1012 1947 1098 2010 intra
1125 1969 1250 2029 arcam,
1289 1971 1353 2035 quo
1381 1950 1444 2014 loci
1471 1972 1557 2035 aqua

413 2051 609 2132 sustinetur,
640 2050 727 2112 inest
748 2048 886 2133 pnigeus
909 2049 958 2110 uti
980 2047 1226 2112 infundibulum
1248 2051 1431 2131 inversum,
1460 2072 1556 2136 quem

412 2152 525 2216 subter
546 2149 655 2214 taxilli
670 2149 728 2213 alti
744 2150 874 2212 circiter
889 2149 1067 2234 digitorum
1089 2159 1217 2215 ternum
1240 2154 1411 2239 suppositi,
1435 2151 1556 2216 librant

411 2256 552 2342 spatium
576 2253 677 2315 imum
700 2253 786 2314 inter
807 2249 899 2314 labra
921 2252 1058 2337 pnigeos
1082 2261 1115 2316 et
1141 2274 1235 2316 arcae
1263 2252 1412 2316 fundum.
1457 2277 1556 2340 supra
1576 2275 1607 2323 15

410 2366 519 2420 autem
556 2353 754 2418 cerviculam
790 2354 859 2417 eius
892 2363 1119 2436 coagmentata
1152 2354 1263 2419 arcula
1292 2357 1430 2420 sustinet
1458 2366 1557 2443 caput

410 2457 590 2538 machinae,
613 2477 697 2541 quae
719 2477 834 2539 graece
857 2477 972 2518 κανων
993 2471 1156 2538 μουσικος
1176 2455 1369 2545 appellatur.
1402 2458 1438 2521 in
1461 2458 1553 2523 cuius

409 2557 615 2643 longitudine
642 2553 787 2641 canales,
816 2559 845 2620 si
873 2556 1097 2621 tetrachordos
1127 2568 1187 2639 est,
1216 2559 1298 2622 fiunt
1327 2570 1496 2646 quattuor,
1527 2561 1555 2624 si

379 2659 651 2740 ahexachordos,
674 2680 750 2740 sex,
782 2659 811 2722 si
833 2658 1057 2738 octachordos,
1082 2669 1163 2724 octo.
1209 2658 1347 2744 singulis
1369 2671 1479 2725 autem
1502 2683 1554 2724 ca-

408 2762 538 2827 nalibus
567 2759 697 2846 singula
730 2760 903 2846 epistomia
936 2769 1012 2824 sunt
1045 2759 1186 2841 inclusa,
1222 2760 1403 2825 manubriis
1437 2761 1552 2826 ferreis
1572 2786 1605 2833 ao

408 2863 596 2930 conlocatis.
632 2883 715 2949 quae
737 2861 909 2927 manubria
931 2883 1006 2925 cum
1028 2870 1235 2948 torquentur,
1265 2884 1305 2926 ex
1329 2884 1404 2926 arca
1427 2863 1552 2950 patefa-

476 3075 490 3121 1
509 3070 652 3135 hydraulis
670 3070 753 3120 Mun:
777 3068 946 3133 hydraulicis
966 3069 1025 3118 GH,
1048 3065 1060 3136 (l
1087 3070 1103 3118 3
1123 3074 1260 3133 conpacta
1280 3069 1333 3119 GH
1349 3067 1405 3133 (LI,
1424 3070 1553 3136 conpicta

405 3189 594 3249 recontractus
616 3189 673 3239 c⁶l⁶
694 3191 732 3239 sic
753 3195 859 3253 aterque
877 3152 1027 3253 coniirhla).
1051 3185 1063 3253 (l
1091 3202 1157 3237 arca
1183 3193 1243 3237 ante
1265 3204 1333 3241 corr.
1361 3189 1394 3239 G:
1420 3202 1502 3239 aerea
1525 3190 1553 3238 H

407 3275 504 3339 (ocho,
522 3273 608 3324 heres
625 3275 653 3337 l).
672 3271 715 3341 (15
733 3273 838 3325 scalari
854 3272 943 3323 forma
954 3274 984 3322 H
996 3269 1080 3336 (Llc):
1100 3273 1202 3322 scalari
1220 3273 1306 3338 forme
1327 3273 1348 3322 G
1365 3274 1423 3335 (sed
1441 3272 1474 3323 G⁶
1492 3288 1552 3324 sca·

406 3359 470 3411 larii
487 3356 599 3422 forma).
623 3354 636 3427 (l
657 3360 673 3408 6
692 3360 768 3409 aerei
786 3355 897 3408 modioli
916 3360 971 3411 ed:
997 3371 1061 3406 aere
1085 3355 1200 3407 imodoli
1220 3357 1250 3421 G,
1270 3360 1347 3407 aerei
1370 3358 1551 3421 (11111)ωο-

407 3444 465 3495 duli
484 3443 516 3491 H
530 3442 611 3505 (Llc).
635 3440 647 3510 ΙΙ
670 3443 794 3493 fundulis
815 3443 877 3493 Gll:
898 3441 991 3492 fundis
1011 3442 1048 3505 (ut
1065 3441 1137 3504 infra
1153 3440 1265 3506 semper)
1284 3442 1354 3495 Mar.
1370 3440 1412 3507 (li
1433 3458 1553 3493 ancones

406 3528 479 3579 doc:
499 3542 621 3593 argones
641 3527 699 3577 GH.
722 3524 734 3593 ΙΙ
757 3529 773 3577 8
791 3526 922 3577 involutis
941 3526 1026 3579 Mac:
1044 3531 1122 3577 -tos
1143 3526 1202 3576 GH.
1226 3522 1238 3593 1(
1262 3528 1292 3575 11
1312 3526 1437 3593 delphini
1454 3529 1494 3583 ed.
1515 3527 1553 3593 (ut

405 3629 433 3676 p.
446 3614 507 3674 262,
521 3611 588 3674 18.):
602 3611 709 3677 dulpiui
724 3612 777 3662 GH
787 3611 855 3675 (Llc,
868 3614 915 3662 sed
926 3610 1056 3675 delphyni
1069 3610 1132 3675 cot).
1146 3605 1157 3677 l(
1174 3612 1301 3673 cymbala
1313 3612 1385 3663 doc:
1399 3611 1453 3660 -li
1467 3612 1525 3662 GH.
1539 3607 1551 3677 ((

407 3713 440 3747 ex
459 3712 520 3747 ore:
538 3699 576 3746 sic
595 3697 649 3746 GH
664 3695 723 3760 (Llc
741 3694 786 3761 [ex
806 3712 869 3747 aere
886 3693 936 3760 sl).
960 3692 973 3761 l(
995 3695 1069 3745 infra
1088 3696 1223 3744 foramina
1244 3697 1297 3746 GH
1313 3694 1360 3759 (L,
1384 3697 1553 3747 inferamina

405 3782 445 3839 clt,
464 3781 692 3832 inframuramiua
709 3782 737 3845 l).
759 3777 772 3846 Ι]
796 3783 827 3829 11
845 3779 1023 3829 modiolorum
1041 3780 1111 3831 doc:
1131 3780 1255 3830 modiorir
1276 3782 1333 3831 GH.
1352 3778 1364 3847 (1
1388 3781 1482 3830 celata
1503 3782 1555 3831 GH

406 3865 486 3931 (Lot,
512 3866 625 3917 calcata
648 3870 657 3916 l
679 3863 803 3933 (caelata
823 3861 886 3930 ofJ).
910 3860 922 3931 ΙΙ
946 3879 1036 3913 arcam
1059 3865 1129 3915 doe:
1154 3880 1228 3914 aram
1254 3866 1311 3915 GH.
1326 3861 1402 3930 (quo
1423 3866 1456 3914 G:
1481 3865 1552 3929 quod

405 3970 435 4018 H
448 3965 492 4031 (L,
505 3966 541 4032 qd
552 3970 583 4028 tc,
597 3954 631 4033 rid
643 3966 679 4032 t).
696 3963 707 4033 ΙΙ
726 3970 756 4016 13
770 3967 885 4030 pnigeus
898 3965 1040 4016 Turnebus:
1061 3964 1117 4014 inid
1130 3980 1217 4028 genus
1231 3966 1290 4017 GH.
1303 3962 1315 4031 (l
1327 3964 1415 4029 iuver(
1424 3968 1474 4027 que
1492 3972 1551 4015 aute

404 4068 476 4104 corr.
495 4050 552 4118 (qui
568 4054 628 4102 add.
647 4048 749 4115 -sum)
771 4051 799 4100 G.
820 4045 832 4115 ΙΙ
857 4051 889 4099 14
906 4050 1001 4099 subter
1012 4050 1080 4100 dea:
1100 4066 1150 4113 sup
1165 4049 1223 4099 GH.
1236 4045 1247 4115 ΙΙ
1265 4052 1296 4099 15
1314 4050 1397 4098 imum
1411 4064 1466 4097 uua
1478 4050 1551 4099 inter

407 4137 460 4187 GH
487 4136 580 4200 (deteri
603 4151 660 4185 una
686 4152 739 4184 cum
765 4134 863 4198 Sela).
887 4130 900 4202 ss
925 4134 1042 4199 pnigeos
1067 4133 1184 4196 (Turn.):
1216 4133 1302 4199 phiga
1330 4148 1377 4183 eos
1407 4133 1457 4183 GH
1485 4132 1550 4195 (Ll),

405 4221 542 4287 phigaeos
555 4222 596 4269 Hc
609 4220 707 4283 (Loci).
729 4215 742 4286 ΙΙ
764 4235 847 4270 arcae
865 4220 936 4271 doc:
956 4234 1023 4268 arae
1036 4216 1095 4283 (arq
1112 4219 1144 4280 G)
1165 4216 1223 4272 GH.
1242 4212 1254 4283 (l
1272 4219 1303 4267 16
1323 4217 1490 4267 cerviculam
1508 4219 1550 4267 ed.

406 4307 543 4371 (cervices
561 4303 659 4369 Mur.):
684 4303 745 4353 —la
765 4304 823 4354 GH.
845 4300 859 4370 ΙΙ
888 4306 919 4354 17
943 4319 1033 4353 canon
1055 4303 1173 4353 musicus
1194 4303 1250 4354 GH.
1275 4297 1286 4368 l(
1316 4305 1346 4353 18
1371 4301 1499 4362 canales,
1526 4302 1550 4351 si

404 4391 476 4442 loa:
497 4391 523 4439 si
542 4388 650 4439 canalis
670 4389 698 4446 G,
718 4389 854 4439 sicanales
872 4390 901 4438 H
919 4388 997 4453 (Llc).
1023 4384 1034 4454 (l
1056 4385 1328 4450 tdr(etG)rachordos
1417 4385 1549 4435 erechor-

405 4474 455 4525 des
543 4473 723 4524 octochordos
743 4474 801 4536 GH.
823 4470 834 4540 Η
859 4476 890 4523 19
912 4472 1031 4537 singulis
1054 4456 1144 4521 autem
1168 4470 1315 4521 canalibus
1339 4471 1367 4519 H
1386 4467 1469 4534 (Llc):
1498 4468 1548 4520 Ca·

405 4558 493 4623 nalib3
513 4563 576 4610 autc
593 4557 711 4623 siugulis
731 4558 760 4607 G.
785 4553 796 4623 (l
818 4560 852 4608 20
869 4557 980 4622 singula
999 4557 1146 4620 epistomia
1163 4557 1234 4606 dea:
1253 4554 1362 4620 singula
1381 4554 1471 4616 (-lae
1489 4562 1549 4605 unte

404 4659 476 4697 corr,
495 4644 539 4706 H)
559 4643 683 4708 epitonia
703 4643 755 4693 GH
771 4642 815 4705 (L,
834 4642 943 4708 singule
957 4642 1063 4707 pitonie
1081 4640 1125 4704 le).
1146 4636 1158 4707 ΙΙ
1179 4642 1211 4690 il
1231 4639 1385 4690 conlocatis
1403 4654 1464 4705 epo:
1484 4654 1546 4690 con·

405 4727 602 4794 (colG)locata
622 4728 680 4783 GH.
776 4779 779 4787 ,
