3984 5825
432 663 495 726 244
797 725 800 728 ,
922 673 1079 721 vtrnevn

432 832 625 914 βαρουλκον
652 828 809 891 vocitant.
859 828 1059 890 scansorium
1091 836 1200 889 autem
1228 833 1278 888 est
1306 845 1379 888 cum
1407 824 1582 888 machinae

433 933 478 994 ita
507 929 638 992 fuenmt
666 929 851 993 conlocatae
879 938 915 992 ut
943 929 986 991 ad
1015 926 1222 991 altitudinem
1256 927 1358 1011 tignis
1388 928 1521 991 statutis
1551 937 1582 990 et

432 1032 679 1094 transversariis
703 1029 874 1114 conligatis
896 1032 966 1093 sine
989 1028 1133 1117 periculo
1149 1027 1324 1091 scandatur
1338 1028 1381 1091 ad
1402 1037 1581 1114 apparatus

433 1134 678 1219 spectationem.
722 1143 756 1195 at
785 1130 955 1218 spirabile,
985 1155 1058 1195 cum
1082 1132 1216 1218 spiritus
1241 1139 1289 1192 est
1312 1128 1581 1216 expressionibus

401 1260 416 1305 r,
434 1232 583 1320 inpulsus
605 1244 642 1298 ut
664 1232 780 1320 plagae
804 1254 963 1317 vocesque
978 1255 1165 1316 οργανικως
1180 1233 1415 1318 exprimantur.
1459 1240 1616 1295 tracto-‘2

432 1339 514 1413 rium
539 1357 616 1399 vero
640 1357 713 1398 cnm
742 1354 838 1397 onera
860 1334 1019 1397 machinis
1049 1333 1280 1421 pertrahuntur
1302 1344 1338 1397 ut
1360 1333 1402 1396 ad
1432 1331 1580 1396 altitudi-

431 1459 504 1500 nem
528 1436 656 1499 sublata
680 1434 898 1499 conlocentur.
943 1437 1108 1499 scansoria
1129 1435 1212 1498 ratio
1233 1457 1298 1499 non
1312 1443 1382 1497 arte
1399 1432 1457 1497 sed
1479 1433 1581 1496 auda-

432 1540 482 1601 cia
511 1537 677 1622 gloriatur.
717 1559 755 1599 ea
783 1537 1043 1601 catenationibus
1072 1547 1103 1600 et
1130 1536 1375 1599 transversariis
1407 1545 1440 1599 et
1469 1535 1581 1622 plexis

432 1634 705 1724 conligationibus
723 1648 755 1702 et
771 1639 995 1703 erismatorum
1011 1636 1141 1701 fulturis
1154 1638 1347 1701 continetur.
1374 1657 1459 1723 quae
1469 1646 1581 1699 autem

383 1767 414 1814 10
433 1742 568 1826 spiritns
591 1749 752 1827 potestate
774 1739 918 1804 adsumit
945 1742 1129 1824 ingressus,
1160 1737 1323 1823 elegantes
1345 1739 1427 1802 artis
1450 1737 1581 1802 subtili-

432 1841 554 1906 tatibus
569 1844 778 1927 consequitur
789 1841 932 1909 effectus.
954 1840 1109 1904 tractoria
1126 1850 1233 1903 autem
1248 1841 1386 1905 maiores
1403 1848 1435 1902 et
1452 1841 1581 1924 magni-

431 1944 563 2007 ficentia
575 1943 688 2030 plenas
710 1942 810 2007 habet
822 1942 864 2006 ad
879 1942 1055 2007 utilitatem
1070 1942 1327 2028 opportunitates
1346 1951 1378 2004 et
1397 1943 1433 2005 in
1449 1941 1582 2027 agendo

433 2069 506 2109 eum
529 2045 702 2132 prudentia
726 2066 868 2108 summas
893 2046 1040 2108 virtutes.
1086 2066 1127 2106 ex
1155 2043 1205 2106 his
1229 2053 1305 2107 sunt
1332 2065 1414 2129 quae
1437 2059 1617 2126 μηχανι-3

433 2172 515 2230 κως,
544 2146 610 2210 alia
637 2170 826 2229 οργανικως
854 2156 1036 2208 moventur.
1086 2146 1172 2209 inter
1200 2144 1366 2209 machinas
1395 2155 1427 2208 et
1456 2167 1582 2230 organa

384 2274 414 2320 15
432 2250 466 2312 id
489 2248 622 2312 videtur
645 2269 715 2310 esse
738 2247 913 2311 discrimen
937 2245 1024 2332 cpuod
1047 2246 1216 2310 machinae
1238 2246 1386 2333 pluribus
1409 2248 1520 2332 operis
1543 2268 1582 2309 ac

433 2353 466 2413 vi
489 2352 611 2413 maiore
633 2359 792 2433 coguntur
815 2349 947 2412 effectus
976 2348 1113 2432 habere,
1142 2350 1192 2412 uti
1214 2347 1364 2411 ballistae
1386 2347 1581 2412 torculario-

432 2456 567 2536 rumque
595 2449 694 2537 prela.
746 2472 868 2534 organa
895 2459 1005 2514 autem
1031 2452 1128 2514 unius
1156 2470 1273 2536 operae
1306 2448 1461 2537 prudenti
1488 2459 1581 2514 tactu

432 2554 604 2639 pertieiunt
628 2550 714 2637 quod
742 2563 792 2615 est
820 2553 1040 2639 propositum,
1069 2553 1119 2615 uti
1140 2551 1319 2638 scorpionis
1343 2573 1401 2614 seu
1427 2552 1580 2638 anisocy-

433 2654 555 2720 clorum
577 2655 791 2717 versationes.
836 2676 913 2738 ergo
937 2664 970 2718 et
991 2676 1112 2738 organa
1131 2665 1162 2717 et
1184 2652 1407 2717 machinarum
1429 2653 1516 2716 ratio
1539 2655 1582 2716 ad

383 2783 415 2830 -20
432 2780 527 2822 usum
550 2766 625 2821 sunt
647 2757 846 2837 necessaria,
871 2757 942 2819 sine
964 2755 1081 2841 quibus
1104 2754 1193 2819 nulla
1214 2777 1266 2819 res
1288 2763 1397 2841 potest
1419 2775 1492 2817 esse
1516 2777 1582 2818 non

434 2858 590 2947 inpedita.
635 2858 739 2923 onmis
761 2868 869 2922 autem
893 2867 943 2922 est
964 2856 1161 2922 machinatio
1181 2878 1289 2921 rerum
1310 2864 1427 2921 natura
1449 2871 1614 2942 procrea

433 2973 487 3026 ata
508 2985 547 3025 ae
575 2962 796 3048 praeceptrice
818 2969 850 3025 et
878 2960 1036 3044 magistra
1063 2959 1176 3023 mundi
1204 2960 1390 3025 versatione
1417 2959 1581 3023 instituta.

433 3162 661 3172 ——-———

504 3295 515 3338 1
536 3286 696 3355 βαροῦλκον
722 3289 811 3340 Voss:
834 3287 965 3337 baruisou
987 3286 1073 3336 EGH.
1097 3281 1109 3351 Η
1131 3287 1269 3338 vocitant:
1292 3286 1348 3335 linc
1371 3287 1483 3335 transilit
1500 3286 1527 3335 Ε
1544 3287 1582 3335 ad

434 3391 456 3426 c,
476 3376 491 3419 9
509 3374 541 3421 de
563 3375 635 3422 reda.
660 3368 671 3434 ΙΙ
694 3372 865 3421 scansorium
888 3376 981 3420 autem
1005 3376 1047 3421 est
1070 3386 1130 3420 eum
1153 3388 1188 3421 m.
1210 3371 1278 3423 Joc:
1301 3372 1436 3420 scansorti
1457 3374 1523 3420 auti
1545 3387 1580 3421 m.

436 3456 495 3503 GH.
525 3451 537 3513 Η
568 3456 583 3499 2
608 3454 719 3500 fuerunt
743 3455 804 3502 GH:
837 3456 940 3503 fuerint
966 3459 1008 3504 ed.
1036 3453 1047 3520 Η
1076 3459 1090 3506 3
1113 3450 1263 3505 sctandant'²
1287 3461 1346 3504 ante
1373 3470 1442 3505 corr.
1467 3455 1498 3504 G.
1524 3451 1536 3520 Η
1563 3457 1581 3503 4

434 3534 649 3596 spectationem:
674 3551 742 3582 —ne
768 3538 820 3583 GH
841 3535 919 3597 (-ne
941 3539 1003 3594 Ltlt,
1022 3556 1117 3589 —nem
1136 3539 1170 3602 c).
1192 3536 1204 3605 Η
1228 3527 1257 3589 at
1274 3553 1334 3604 epo:
1358 3544 1390 3588 ut
1409 3539 1467 3589 GH.
1488 3536 1500 3603 Η
1525 3541 1581 3605 spi-

435 3613 523 3661 rabile
544 3614 577 3660 G:
602 3615 733 3675 spirabile
751 3619 780 3663 H
799 3616 839 3676 (lc,
859 3618 946 3666 —lem
964 3622 1011 3676 Lc,
1029 3622 1153 3685 spiritali
1172 3632 1230 3674 ante
1252 3640 1321 3675 corr.
1340 3623 1369 3687 l).
1392 3620 1404 3690 Η
1426 3628 1468 3673 est
1491 3624 1579 3673 Mara:

436 3696 460 3743 a
481 3695 520 3755 (et
540 3694 571 3757 G)
593 3695 651 3745 GH.
675 3693 686 3760 Η
710 3700 725 3746 5
745 3702 772 3747 et
792 3697 832 3761 (ut
850 3700 907 3763 epo)
993 3706 1141 3767 organicos
1163 3704 1331 3773 exprimantq
1353 3707 1411 3757 GH.
1435 3704 1447 3773 Η
1474 3713 1579 3759 tracta-

436 3780 508 3828 toriis
528 3785 586 3828 ante
604 3795 672 3833 corr.
690 3781 726 3834 H,
750 3780 762 3847 Η
785 3784 801 3831 6
818 3789 848 3833 nt
868 3785 902 3833 Gc
919 3793 944 3833 et
962 3793 1022 3835 ante
1035 3804 1103 3838 corr.
1116 3808 1143 3843 e:
1164 3798 1212 3841 aut
1231 3793 1259 3841 H
1282 3792 1370 3853 (treet
1388 3800 1490 3843 etanta
1509 3810 1579 3844 corr.

438 3862 480 3930 θ).
503 3861 515 3929 Η
538 3867 552 3913 7
572 3864 799 3931 eon(l)locentur:
817 3870 855 3918 sie
874 3868 932 3921 GH.
956 3866 968 3935 Η
991 3872 1007 3919 8
1027 3877 1055 3921 et
1072 3877 1282 3926 transversariis
1300 3881 1328 3927 et
1344 3875 1434 3942 plexis
1453 3878 1579 3943 conliga·

435 3949 557 3999 tionibus
583 3950 615 3998 G:
644 3966 689 4002 om.
714 3952 746 4000 H
767 3949 846 4016 (hle).
870 3950 882 4017 Η
909 3955 925 4002 9
948 3955 1138 4008 erismatorum
1163 3957 1262 4022 (-tum
1284 3958 1365 4025 Joc.):
1394 3959 1579 4010 chrismatorir

438 4034 495 4084 GH.
519 4031 530 4099 Η
555 4035 709 4085 continetur
725 4040 781 4089 ed:
804 4040 938 4087 -nentur
957 4040 1015 4089 GH.
1039 4038 1051 4107 Η
1075 4046 1106 4093 10
1124 4047 1265 4108 potestate
1286 4045 1355 4095 loe:
1378 4049 1440 4095 -te
1463 4046 1518 4094 GH
1538 4048 1579 4108 (Ic,

436 4124 525 4168 -tem
545 4118 587 4184 L).
612 4117 624 4185 Η
648 4122 678 4168 11
697 4122 875 4184 consequitur
891 4122 962 4173 doe:
993 4132 1126 4189 —qnetur
1146 4128 1177 4186 G,
1196 4124 1330 4192 —quentt
1349 4129 1381 4177 H
1397 4128 1429 4192 (e,
1449 4135 1528 4178 -tur
1545 4131 1578 4192 L,

437 4209 513 4252 -ter
536 4204 564 4268 l).
593 4200 605 4268 Η
631 4204 811 4267 maiorlante
834 4222 902 4258 corr.
927 4208 956 4261 G.
985 4205 996 4274 Η
1027 4213 1057 4260 13
1079 4209 1340 4274 me(aG¹)ehanicos
1431 4216 1580 4277 organicos

439 4286 497 4337 GH.
522 4283 534 4352 Η
559 4289 589 4336 15
607 4291 698 4352 operis
715 4289 805 4340 Scia:
829 4293 933 4356 operib;
953 4293 1012 4344 GH.
1036 4292 1048 4360 Η
1071 4311 1104 4344 ac
1122 4312 1169 4360 epo
1191 4297 1250 4357 (aut
1266 4297 1350 4363 decl:
1379 4300 1410 4345 ut
1428 4297 1487 4347 GH.
1511 4294 1523 4363 Η
1548 4300 1580 4347 16

437 4370 552 4419 habenti
569 4372 598 4419 H
617 4372 732 4435 (habent
750 4376 792 4423 uti
812 4377 844 4433 t,
864 4376 1092 4443 hebetandis),
1112 4379 1215 4443 hajbet
1232 4382 1272 4430 uti
1292 4380 1320 4432 G.
1340 4376 1353 4446 Η
1375 4380 1507 4431 uallistae
1529 4382 1581 4432 GH

437 4452 590 4513 (ballisttae
609 4457 642 4519 L,
661 4457 765 4523 baliste
783 4457 826 4523 le).
843 4456 855 4526 Η
873 4463 903 4510 17
922 4462 1002 4525 prata
1014 4470 1073 4511 ante
1085 4478 1153 4513 corr.
1168 4463 1214 4527 (ae)
1230 4464 1251 4514 G
1269 4464 1378 4529 (praela
1396 4465 1449 4527 H).
1465 4461 1479 4531 Η
1494 4482 1579 4530 opere

437 4539 465 4595 (i.
488 4538 546 4602 rae)
572 4540 630 4589 GH.
654 4538 665 4607 Η
689 4542 721 4590 18
745 4542 815 4605 quod
838 4547 881 4593 est
904 4562 944 4609 p.:
973 4548 1011 4594 sic
1035 4545 1092 4596 GH.
1116 4542 1127 4611 Η
1155 4549 1374 4612 anisocyclorum
1396 4550 1467 4600 doe:
1495 4550 1580 4600 latini

438 4622 595 4685 soscielortl
614 4624 641 4680 G,
659 4623 773 4684 lattinis
791 4627 927 4678 osciclorir
945 4631 981 4677 H.
1006 4626 1020 4695 Η
1040 4631 1070 4678 21
1092 4636 1134 4679 est
1154 4628 1178 4691 (c
1198 4631 1229 4695 G)
1249 4633 1417 4685 machinatio
1436 4636 1514 4684 rerir:
1541 4642 1581 4685 stc

441 4702 500 4752 GH.
523 4702 536 4769 Η
558 4708 590 4754 22
609 4722 643 4756 ao
659 4709 815 4773 pceptricez
832 4714 870 4760 sic
889 4712 943 4762 GH
958 4711 1010 4775 (LI,
1030 4730 1047 4762 a
1065 4729 1159 4779 praee.
1177 4717 1228 4779 cli).
