3984 5825
405 694 469 756 3011
587 709 633 754 ns
658 709 818 758 nrvanms
844 706 1003 754 surianus
1027 705 1364 757 sucurrscroumss.

404 863 447 925 ad
475 885 646 949 vesperum
671 862 757 947 quod
780 871 907 949 tempus
930 860 973 922 ad
996 858 1171 923 lavandum
1193 859 1354 923 tributum
1376 870 1431 923 est.
1467 883 1519 925 sns-

405 987 565 1052 pensurae
594 963 770 1026 calidarum
799 961 953 1025 cellarum
980 963 1027 1048 ita
1055 972 1131 1026 sunt
1152 961 1325 1025 faciendae
1351 971 1387 1026 ut
1407 964 1518 1048 primum

405 1090 480 1131 area
502 1063 784 1151 sesquipedalibus
807 1064 926 1149 tegulis
949 1075 1188 1147 constematur,
1210 1063 1369 1128 inclinata
1382 1064 1423 1127 ad
1436 1063 1516 1129 forna·

406 1191 474 1231 cem
502 1180 538 1231 ut
566 1166 633 1254 pila
659 1168 759 1230 missa
787 1167 872 1230 intro
903 1168 1057 1229 resistere
1079 1189 1144 1229 non
1165 1168 1270 1253 possit
1292 1167 1352 1231 sed
1373 1166 1517 1230 redeatatl
1574 1166 1576 1175 '

405 1269 638 1357 praefurnium.
672 1268 801 1331 flamma
817 1270 903 1331 enim
919 1291 1047 1331 sursum
1061 1268 1242 1352 adsurgens
1258 1266 1428 1333 calidiores
1443 1268 1538 1332 efficite

405 1370 514 1436 cellas.
559 1392 720 1456 supraque
748 1370 915 1433 laterculis
945 1368 1128 1434 bessalibus
1157 1379 1189 1433 et
1215 1370 1364 1434 rotundis
1390 1369 1468 1457 pilae
1484 1372 1518 1434 in·

405 1482 572 1536 stnrantur
599 1494 641 1535 cx
669 1471 786 1557 capillo
813 1482 846 1535 et
873 1471 991 1556 argilla
1019 1472 1170 1554 subacta,
1199 1473 1233 1535 in
1254 1474 1384 1559 privato
1408 1471 1520 1559 pedibu

406 1577 492 1638 binis
515 1575 624 1656 semis,
648 1575 682 1636 in
703 1571 834 1660 publico
854 1575 968 1637 ternis.
1013 1572 1143 1659 tegulae
1164 1573 1333 1661 bipedales
1356 1597 1449 1662 super
1467 1596 1521 1637 eon·

406 1679 583 1741 stituantur
612 1697 695 1760 quae
721 1675 944 1761 pavimentum
971 1676 1125 1761 dirigant.
1169 1675 1358 1762 plumbeum
1380 1698 1437 1741 vas
1457 1672 1523 1761 quod

406 1789 556 1866 patenam
578 1799 707 1840 aeream
728 1775 842 1859 habet,
873 1800 970 1864 supra
992 1777 1158 1842 fornacem
1180 1777 1382 1860 conlocetur,
1409 1778 1524 1841 alterum
1536 1787 1555 1835 11

406 1878 511 1943 simile
539 1879 747 1963 frigidarium
769 1901 881 1961 secus,
911 1889 948 1943 ut
970 1890 1127 1966 quantum
1150 1879 1263 1944 caldae
1285 1903 1328 1943 ex
1351 1903 1388 1945 eo
1411 1881 1444 1943 in
1463 1877 1525 1943 solio

404 1983 597 2045 admittatur
619 1990 743 2044 tantum
768 1981 910 2066 frigidae
933 1981 1134 2046 infundatur.
1177 1982 1419 2067 magnitudines
1440 1990 1528 2045 auten

405 2084 593 2150 balnearum
617 2105 675 2168 pro
698 2082 979 2171 hominum‘eopia
1000 2094 1057 2148 aut
1079 2082 1256 2149 voluntatis
1279 2086 1387 2169 gratia
1401 2085 1469 2147 fieri
1486 2082 1528 2145 de-

408 2187 541 2268 bebunt,
566 2184 740 2248 dummodo
763 2184 864 2247 cellae
886 2187 934 2248 sic
956 2184 1172 2273 disponantur
1192 2196 1229 2250 ut
1244 2196 1367 2272 quanta
1380 2183 1532 2271 longitudo

408 2289 506 2351 fuerit
534 2287 630 2351 tertia
653 2284 785 2370 dempta
806 2285 944 2351 latitudo
967 2288 1169 2374 disponatur.
1214 2289 1331 2352 melius
1354 2289 1441 2351 enim
1461 2287 1532 2371 ignis
1545 2295 1565 2344 11

407 2412 465 2476 per
486 2388 677 2472 angustiora
704 2384 887 2450 latitudinis
911 2388 1066 2454 cellarum
1089 2390 1287 2476 operabitur.
1332 2390 1442 2456 lumen
1461 2389 1534 2452 fene-

407 2491 483 2554 stris
503 2501 560 2555 aut
582 2487 727 2552 hibernis
749 2500 805 2553 aut
827 2491 1017 2556 meridianis
1040 2493 1188 2578 partibus
1203 2492 1377 2557 tribuatur.
1416 2490 1536 2557 aestivis

409 2591 533 2656 balneis
563 2591 813 2678 hypocausteria
841 2615 900 2679 pro
929 2593 992 2658 loci
1015 2594 1241 2679 magnitudine
1263 2616 1338 2657 eum
1361 2595 1492 2681 piscinis
1510 2593 1539 2654 in

408 2696 628 2780 septentrione
656 2691 709 2756 vel
735 2693 887 2779 aquilone
915 2698 1170 2779 constituantur,
1200 2706 1231 2760 et
1252 2696 1295 2759 ab
1324 2696 1439 2759 eadem
1460 2702 1540 2782 parte

407 2798 550 2861 maxime
577 2794 685 2858 lumen
712 2794 874 2861 fenestris'
892 2797 1100 2880 admittatur,
1132 2809 1168 2862 ut
1191 2797 1406 2882 salubriorem
1430 2808 1462 2862 et
1482 2818 1541 2860 cor·
1555 2805 1576 2855 a

408 2898 541 2987 poribus
571 2896 794 2962 iocundiorcm
820 2900 959 2984 gratiam
982 2909 1135 2986 praestet.
1180 2902 1214 2964 in
1236 2897 1316 2964 villa
1338 2901 1464 2964 rustica
1482 2895 1542 2964 bal-

406 3025 503 3067 ncum
526 2999 653 3065 culinae
675 3001 905 3085 coniungatur,
927 3012 963 3066 ut
985 3001 1115 3067 facilius
1137 3026 1157 3067 a
1178 3004 1312 3067 rusticis
1333 3002 1545 3067 ministerium

407 3104 554 3170 exhiberi
578 3103 691 3188 possit.

256 3210 395 3304 mli-⁸223!-
492 3206 647 3271 Gamerae
675 3204 840 3269 structiles
867 3204 1018 3270 fortiores
1047 3216 1151 3270 erunt.
1195 3205 1349 3290 figulinae
1378 3214 1487 3270 autem
1508 3202 1545 3267 ad

281 3327 374 3354 ¹¹···¹··¹¹¹¹¹·
406 3308 682 3392 contignationem
715 3306 956 3392 suspendantur
983 3309 1030 3371 ita
1060 3318 1096 3370 ut
1125 3309 1248 3371 catenis
1281 3309 1446 3371 ancoratis
1469 3308 1546 3369 fixae
1560 3319 1576 3365 a

255 3400 392 3502 (llllss'ls'pflf
405 3409 535 3494 tegulae
569 3407 659 3471 velut
693 3406 824 3493 palliola
855 3430 938 3495 quae
971 3423 1132 3474 eameram
1166 3409 1325 3473 circinent
1358 3410 1546 3474 sustineant.

415 3598 635 3609 ,.....-..----

477 3722 489 3770 1
509 3732 652 3784 vesperum
672 3716 789 3781 1-119)
811 3712 1018 3783 h‘abeat.quod
1041 3716 1089 3782 (qd
1106 3718 1135 3783 p)
1159 3724 1268 3783 ternpus
1290 3718 1340 3781 opp
1363 3714 1481 3779 (habeat
1501 3718 1546 3766 del.

409 3803 500 3869 Man).
524 3799 536 3869 ΙΙ
559 3807 574 3853 3
597 3817 670 3866 sesq3
688 3801 810 3867 pedalib3
826 3820 866 3867 op.
891 3798 903 3867 ΙΙ
927 3802 1100 3852 sternacem
1125 3801 1182 3866 (sie)
1205 3821 1227 3853 o.
1250 3798 1262 3866 ll
1285 3803 1301 3851 5
1325 3800 1473 3849 calidiores
1497 3802 1546 3849 ed:

408 3890 516 3942 calores
534 3890 594 3938 eius
616 3903 672 3952 epp.
701 3884 713 3952 ll
740 3889 756 3935 6
779 3887 920 3937 besalibus
943 3902 991 3950 epp
1010 3886 1117 3951 (Van).
1138 3882 1151 3952 ΙΙ
1176 3888 1203 3936 et
1221 3887 1290 3935 Pol:
1313 3883 1357 3934 vel
1382 3900 1413 3949 op
1435 3883 1492 3943 (vel
1509 3899 1547 3932 ro·

407 3976 500 4025 tundis
512 4001 543 4009 —
558 3973 672 4039 pedibus
691 3988 737 4021 om.
755 3989 782 4030 e,
805 3972 847 4020 11111
867 3972 916 4019 sie:
941 3970 1083 4019 besalibus
1101 3971 1180 4020 bonis
1199 3968 1338 4019 semis.in
1362 3968 1475 4032 publico
1497 3972 1547 4016 ter-

408 4060 471 4123 nis).
495 4054 508 4123 ΙΙ
532 4059 717 4107 instruantur:
740 4058 778 4105 sie
794 4072 852 4120 opp.
875 4051 887 4118 ll
911 4056 925 4102 7
945 4052 1047 4117 argilla
1063 4066 1105 4119 p0:
1132 4052 1226 4103 artilla
1243 4071 1261 4117 p
1279 4059 1305 4102 et
1327 4059 1386 4102 ante
1405 4067 1473 4102 corr.
1490 4067 1514 4115 p.
1534 4049 1545 4113 ll

408 4145 423 4192 8
442 4143 513 4191 binis
529 4157 578 4205 pp:
597 4141 677 4189 bonis
696 4157 717 4190 v.
740 4136 753 4206 [1
778 4139 809 4187 10
826 4154 909 4202 supra
927 4138 1043 4187 fornace
1061 4155 1110 4203 opp
1129 4137 1220 4202 (super
1239 4139 1382 4186 fornacem
1400 4136 1462 4197 ea).
1481 4132 1495 4200 ΙΙ
1515 4136 1542 4182 ll

408 4228 498 4275 simile
516 4242 541 4275 e:
561 4241 608 4275 om.
625 4241 668 4289 pp.
693 4221 705 4290 ll
728 4224 825 4273 caldae
838 4223 923 4273 Man:
944 4221 1095 4286 caldaepp.
1119 4219 1131 4288 ll
1155 4222 1238 4271 solio:
1256 4224 1293 4280 ste
1311 4232 1384 4287 v0pp‚
1404 4220 1472 4270 solia
1487 4224 1542 4266 ante

408 4326 476 4359 corr.
496 4327 509 4357 o
528 4307 573 4371 (cs.
595 4308 782 4372 291,18.20).
806 4304 817 4372 ΙΙ
842 4310 872 4357 13
891 4310 939 4355 aut
955 4322 1001 4369 op:
1021 4303 1079 4369 &p
1104 4302 1116 4371 ll
1141 4308 1172 4354 14
1185 4306 1348 4370 disponatur
1365 4324 1389 4359 v.
1413 4303 1424 4370 ΙΙ
1447 4304 1476 4353 15
1492 4305 1543 4350 ter-

408 4394 448 4441 tia
475 4393 586 4456 dempta
609 4410 623 4442 a
646 4392 754 4456 (Vitelz
787 4392 871 4440 tertia
897 4377 996 4454 adepta
1024 4387 1138 4454 (adepta
1163 4390 1190 4455 p)
1221 4406 1264 4454 pp.
1293 4386 1305 4454 [l
1335 4390 1494 4454 disponatur
1518 4402 1544 4434 r:

409 4474 689 4540 qnodlqdp)ponatur
705 4492 748 4539 pp.
772 4471 784 4539 ll
810 4477 840 4524 16
858 4474 1015 4524 latitudinis
1031 4490 1058 4521 o:
1082 4489 1166 4523 —nes
1180 4490 1224 4537 pp.
1246 4470 1258 4539 ss
1280 4476 1310 4522 19
1330 4472 1514 4523 abeeademe.
1532 4468 1544 4535 ll

407 4560 438 4605 21
461 4560 648 4609 iocundiorem
669 4576 725 4624 epp.
751 4557 764 4627 [l
791 4561 824 4609 25
847 4558 1006 4609 anchoratis
1028 4573 1085 4621 opp,
1107 4558 1118 4622 ΙΙ
1144 4559 1176 4607 26
1199 4558 1311 4622 tegulae
1334 4556 1414 4607 velut
1434 4554 1548 4620 palliola

409 4687 467 4732 epo:
486 4675 595 4738 tegulas
613 4676 657 4726 vel
676 4675 718 4740 (ul
728 4694 753 4740 p,
771 4677 785 4725 1
795 4677 838 4741 vp)
858 4676 962 4741 paliola
981 4646 1097 4741 (paliola
1115 4691 1168 4724 cum
1186 4676 1240 4723 vitii
1256 4677 1328 4739 sipno
1345 4674 1387 4739 pc)
1407 4690 1465 4738 opp.
1484 4670 1496 4742 l}
1516 4673 1549 4722 si·

409 4754 533 4803 stineant
549 4774 572 4806 o.
