3984 5825
722 640 768 687 aa
790 639 1059 689 sucurrnmuan
1082 642 1148 691 nm.
1173 643 1247 689 vui.
1464 623 1468 631 '
1497 630 1557 695 183

424 793 481 860 dici
511 802 633 859 cretam
667 792 855 859 selinusiam
887 802 943 859 aut
976 793 1155 859 anulariam
1184 796 1287 878 vitro,
1323 798 1406 883 quod
1437 797 1557 863 Graeci

422 913 525 963 ισατιν
540 894 718 983 appellant,
734 895 926 980 inficientes,
942 897 1157 962 imitationem
1171 895 1296 963 faciunt
1310 897 1411 962 indici
1428 897 1556 965 coloris.

375 1013 397 1060 3
499 996 629 1078 Quibus
660 996 840 1064 rationibus
864 1006 896 1062 et
922 996 1020 1063 rebus
1048 996 1090 1061 ad
1119 998 1365 1085 dispositionem
1393 1001 1555 1066 firmitatis

419 1099 597 1187 quibusque
619 1098 753 1165 decoras
777 1108 923 1186 oporteat
945 1099 1016 1163 lieri
1038 1100 1194 1186 picturas,
1217 1101 1295 1166 item
1310 1124 1391 1190 quas
1414 1103 1555 1168 habeant

418 1223 522 1266 omnes
547 1199 669 1267 colores
691 1202 726 1265 in
749 1222 783 1266 se
805 1209 1001 1295 potestates,
1024 1210 1060 1266 ut
1082 1201 1162 1267 mihi
1185 1225 1372 1268 succurrere
1394 1205 1499 1291 potuit
1521 1207 1555 1270 in
1575 1220 1589 1265 a

417 1301 473 1369 hoe
487 1301 572 1368 libro
587 1304 774 1390 perscripsi.
810 1303 921 1391 itaque
936 1325 1047 1368 omncs
1062 1303 1324 1369 aedificationum
1339 1306 1555 1393 perfectiones

417 1426 508 1491 qnam
531 1403 654 1469 babere
676 1403 818 1471 debeant
839 1406 1114 1493 opportunitatem
1137 1407 1406 1492 ratiocinationis,
1430 1418 1554 1495 septem

418 1505 633 1572 voluminibus
646 1517 722 1573 sunt
743 1506 870 1590 finitae,
894 1508 1079 1595 insequenti
1094 1516 1202 1573 autem
1217 1509 1259 1573 de
1273 1530 1368 1596 aqua,
1391 1510 1419 1574 si
1435 1510 1553 1596 quibus

417 1605 490 1674 loeis
516 1630 582 1674 non
611 1608 727 1694 fuerit,
762 1608 1035 1697 quemadmodum
1062 1610 1249 1676 inveniatur
1277 1620 1309 1676 et
1337 1620 1400 1698 qu'a
1427 1613 1552 1676 ratione

418 1708 549 1776 ducatur
570 1709 754 1798 quibusque
777 1710 875 1778 rebus
899 1711 927 1776 si
950 1711 1012 1776 erit
1040 1709 1180 1778 salubris
1204 1721 1236 1778 et
1258 1712 1375 1779 idonea
1397 1713 1553 1800 probetur
1573 1728 1603 1776 10

417 1812 591 1901 explicabo.

685 2167 896 2249 LIBER
940 2167 1263 2246 OCTAVUS.

378 2366 389 2414 1
491 2356 544 2421 De
572 2363 697 2442 septem
727 2355 928 2443 sapientibus
951 2354 1071 2421 Thales
1094 2353 1243 2420 Milesius
1271 2357 1414 2421 omnium
1442 2378 1550 2421 rernm

403 2458 606 2544 principium
622 2478 739 2543 aquam
755 2465 805 2522 est
826 2456 1002 2545 professus,
1026 2454 1213 2523 Heraclitus
1237 2458 1356 2543 ignem,
1379 2456 1550 2543 Magorum

400 2557 594 2625 sacerdotes
620 2579 737 2646 aquam
760 2567 792 2624 et
818 2560 944 2645 ignom,
973 2556 1151 2644 Euripides
1173 2560 1301 2624 auditor
1322 2559 1549 2645 Anaxagorae,
1570 2583 1601 2630 15

399 2682 503 2749 quem
519 2657 748 2748 philosophum
763 2659 983 2726 Athenienses
999 2662 1185 2725 scaenicum
1200 2656 1458 2747 appellaverunt,
1476 2683 1550 2725 aera

398 2773 435 2830 et
465 2772 587 2829 terram
610 2781 745 2848 eamque
767 2782 784 2826 e
807 2761 995 2828 caelestium
1023 2762 1178 2827 imbrium
1205 2761 1471 2849 conceptionibus
1500 2765 1548 2826 in·

398 2864 600 2932 seminatam
627 2863 713 2930 fetus
740 2864 889 2950 gentium
917 2872 948 2930 et
977 2864 1121 2931 omnium
1147 2861 1336 2928 animalium
1367 2863 1401 2928 in
1428 2863 1549 2929 mundo

397 2965 646 3055 procreavisse,
675 2974 812 3052 atquae
840 2987 882 3032 ex
911 2987 950 3031 ea
972 2974 1082 3031 essent
1111 2974 1271 3052 prognata
1294 2987 1366 3030 cum
1389 2963 1547 3030 dissolve-

397 3078 519 3135 rentur
539 3078 720 3156 temporum
743 3069 938 3133 necessitate
953 3076 1081 3152 coacta,
1103 3067 1139 3131 in
1154 3060 1289 3131 eandem
1305 3065 1428 3150 redire,
1452 3088 1547 3153 quae·
1566 3091 1599 3137 ao

402 3168 526 3259 quade
546 3191 621 3234 aere
639 3177 849 3235 nascerentur
870 3170 950 3234 item
971 3169 1007 3233 in
1028 3165 1109 3233 caeli
1130 3167 1279 3253 regiones
1300 3168 1422 3234 revorti
1444 3189 1548 3254 neque

402 3272 610 3338 interitiones
636 3271 781 3359 recipere
803 3279 835 3336 et
861 3268 1076 3337 dissolutione
1102 3278 1227 3335 mutata
1253 3270 1287 3334 in
1310 3290 1381 3335 eam
1403 3270 1548 3335 recidere

473 3545 487 3596 l
506 3542 667 3597 selinusiam
684 3545 740 3596 Ioe.
760 3540 785 3609 (e
802 3546 868 3597 Ptin.
888 3547 931 3605 35,
944 3541 1001 3609 IaJ:
1021 3543 1152 3609 sinysiam
1170 3544 1207 3608 H,
1225 3541 1350 3595 sinisiam
1369 3545 1425 3595 1111.
1442 3540 1454 3610 Η
1476 3544 1548 3595 vitro

408 3628 478 3695 qnod
500 3629 590 3682 Scin:
617 3629 743 3695 vitroque
766 3629 837 3694 quod
855 3628 934 3679 BGH
955 3626 1003 3692 (L,
1027 3634 1140 3693 utroque
1163 3627 1234 3694 qnod
1252 3632 1274 3679 te
1294 3622 1354 3695 [o]).
1378 3623 1389 3694 Η
1413 3631 1428 3677 ‘I
1453 3626 1546 3680 Iuncto

411 3712 539 3764 Tenedus
565 3710 678 3779 (coep
714 3711 836 3764 insnllim
866 3712 945 3764 EGH
971 3712 1074 3776 (istaen
1101 3714 1185 3778 epit).
1212 3710 1225 3781 Η
1253 3711 1365 3778 coloris]
1394 3713 1440 3763 Iure
1469 3729 1546 3778 usque

409 3797 440 3850 a.
465 3792 481 3865 Η
505 3799 521 3848 3
548 3795 794 3864 addispositionem
823 3796 974 3849 firmitatis:
1009 3798 1047 3847 ale
1076 3796 1161 3852 nell.
1189 3794 1201 3866 Η
1229 3799 1244 3848 6
1268 3796 1488 3849 aedificationum
1519 3797 1547 3845 ll

409 3878 490 3947 (Llc)=
513 3880 653 3934 edifitiorir
673 3883 702 3934 0.
726 3877 738 3947 Η
765 3881 1036 3947 ‘lratioeinationib3
1054 3882 1086 3933 L.
1111 3877 1122 3949 Η
1147 3885 1178 3934 10
1200 3881 1317 3933 ducatur
1340 3881 1370 3930 II
1392 3878 1476 3944 (Lle):
1505 3881 1545 3929 in-

408 3964 522 4017 ducatur
541 3967 569 4022 G.

472 4085 586 4138 vitruvii
607 4084 679 4136 liber
703 4083 770 4136 ·V11·
801 4083 914 4152 explicit
937 4083 1040 4152 (explic
1059 4085 1101 4148 G).
1131 4082 1230 4149 incipit
1256 4080 1326 4133 liber
1349 4085 1463 4133 octavus
1487 4080 1544 4146 (litt.

407 4167 474 4237 not.)
491 4170 544 4222 cl!
559 4168 686 4236 (explicit
702 4167 774 4220 liber
791 4168 859 4222 ·v11·
883 4170 981 4236 incipit
997 4169 1069 4220 liber
1081 4172 1194 4219 octavus
1209 4168 1239 4227 L,
1259 4167 1371 4232 explicit
1387 4166 1457 4217 liber
1475 4167 1543 4217 «ΗΠ-

407 4254 641 4322 vitruvii.ineipit
657 4254 727 4309 liber
741 4258 857 4307 octavus
871 4258 887 4314 1,
905 4254 1016 4307 victurii
1032 4252 1103 4306 liber
1125 4251 1192 4305 ·VII·
1212 4251 1335 4317 explicit.
1355 4251 1454 4317 Incipit
1467 4256 1543 4303 oeta-

407 4353 454 4394 τηε
471 4356 493 4399 e.
510 4341 566 4391 aiae
582 4342 621 4394 ue.
639 4338 676 4405 Is).

471 4443 502 4495 13
517 4441 650 4507 praefatio
667 4439 728 4495 libri
747 4442 824 4493 VIII
839 4441 975 4493 exhibetur
992 4442 1066 4492 etiam
1083 4442 1110 4491 in
1123 4439 1157 4490 E.
1174 4434 1185 4503 (Ι
1208 4439 1239 4488 11
1258 4438 1348 4490 0011:
1369 4441 1397 4489 et
1415 4436 1461 4503 (lc)
1482 4439 1513 4493 li.
1530 4438 1540 4504 Η

406 4527 623 4579 consensisses
641 4526 679 4578 lt:
704 4527 864 4598 —tatiOH
883 4524 938 4590 ([λ,
956 4528 1045 4575 —tem
1069 4523 1118 4587 ele).
1143 4519 1155 4589 Η
1178 4522 1292 4575 eandem
1311 4522 1371 4574 EG:
1397 4521 1491 4573 eodem
1515 4524 1543 4573 II

407 4605 515 4677 (111).Η
538 4613 570 4662 al
588 4610 689 4664 desere
707 4610 770 4664 EG:
789 4611 823 4664 da
842 4611 895 4661 liae
908 4625 935 4661 re
954 4610 983 4660 11
1002 4606 1083 4672 (hle).
1106 4603 1118 4674 Η
1140 4612 1319 4659 nascerentur
1338 4607 1373 4657 L:
1394 4612 1543 4658 nascentur

407 4694 481 4747 tel!
500 4694 553 4761 (te).
566 4690 578 4762 Η
601 4697 634 4746 22
654 4699 682 4748 et
703 4694 739 4761 (e
756 4695 834 4761 Elin
857 4697 895 4746 aie
912 4694 997 4746 11011.
1022 4689 1034 4760 Η
1061 4692 1090 4743 in
1113 4692 1424 4760 eam-proprietatem
1441 4708 1488 4745 om.
1508 4693 1541 4744 a.
