3984 5825
502 629 541 699 18
990 637 1150 695 vrrnuvn

585 802 651 868 Sed
684 803 713 866 si
746 802 803 886 qui
836 799 978 864 voluerit
1012 798 1202 883 diligentius
1230 797 1310 861 hacc
1337 820 1437 862 sensu
1469 798 1687 886 percipere,7

498 904 741 968 animadvertat
768 903 982 987 attendatque
1009 911 1141 965 naturas
1173 901 1284 963 avium
1313 911 1346 963 et
1367 900 1508 986 piscium
1533 911 1565 964 et
1588 911 1653 964 ter-

499 1006 652 1071 restrium
680 1002 892 1085 animalium,
926 1002 1031 1066 etita
1059 1000 1278 1066 considerabit
1306 1001 1500 1065 discrimina
1526 1012 1653 1089 tempe-

499 1117 642 1173 raturae.
690 1104 788 1169 aliam
817 1105 905 1168 enim
932 1104 1123 1167 mixtionem
1151 1101 1250 1167 habet
1271 1125 1375 1187 genus
1398 1104 1528 1184 avium,
1552 1103 1653 1167 aliam

465 1223 481 1270 5
499 1210 657 1296 piscium,
680 1206 777 1290 longe
791 1205 888 1270 aliter
901 1206 1105 1270 terrestrium
1120 1214 1247 1268 natura.
1291 1203 1439 1269 volucres
1461 1206 1571 1268 minus
1595 1205 1652 1269 ha-

497 1311 578 1375 bent
604 1309 743 1389 terreni,
776 1308 883 1371 minus
911 1307 1050 1387 umoris,
1084 1304 1200 1370 caloris
1228 1315 1425 1392 temperate,
1459 1307 1546 1370 aeris
1568 1305 1652 1370 mul-

499 1421 579 1476 tum.
624 1410 726 1493 igitur
740 1408 919 1473 levioribus
937 1408 1109 1495 principiis
1133 1409 1330 1495 compositae
1352 1406 1484 1472 facilius
1507 1409 1543 1472 in
1564 1409 1651 1472 aeris

499 1513 657 1598 impetum
688 1511 846 1575 nituntur.
902 1508 1062 1595 aquatiles
1095 1519 1203 1573 autem
1230 1511 1370 1597 piscium
1396 1519 1533 1575 naturae
1562 1509 1652 1596 quod

498 1622 697 1700 temperatae
716 1620 793 1676 sunt
814 1634 834 1675 a
856 1610 961 1675 calido
984 1609 1188 1697 plurimoque
1211 1620 1243 1674 ct
1264 1613 1349 1674 aeris
1372 1621 1405 1674 et
1427 1612 1552 1676 terreni
1574 1620 1652 1674 sunt

450 1730 481 1778 10
500 1715 699 1801 compositae
715 1712 773 1778 sed
788 1715 910 1778 umoris
926 1711 1048 1777 habent
1070 1711 1190 1799 oppido
1213 1734 1310 1797 quam
1332 1711 1476 1799 paulum,
1502 1735 1566 1798 quo
1589 1713 1650 1774 mi-

498 1839 559 1880 nus
574 1814 697 1880 habent
720 1837 737 1879 e
759 1816 930 1903 principiis
952 1815 1074 1879 umoris
1097 1815 1131 1877 in
1154 1835 1303 1900 corpore,
1327 1813 1456 1879 facilius
1479 1815 1515 1878 in
1536 1835 1653 1879 umore

498 1917 687 2004 perdurant,
710 1919 821 2003 itaque
844 1938 917 1979 cum
939 1915 981 1979 ad
1004 1927 1123 1980 terram
1146 1915 1384 2001 perducuntur,
1407 1917 1551 1979 animam
1575 1937 1651 1980 cum

497 2039 583 2106 aqua
604 2016 802 2106 relinquunt.
854 2019 933 2081 item
966 2017 1135 2081 terrestria
1157 2016 1244 2102 quod
1273 2039 1290 2080 e
1311 2018 1483 2105 principiis
1506 2017 1550 2081 ab
1572 2039 1651 2081 aero

499 2119 670 2206 caloreque
686 2129 761 2183 sunt
776 2126 957 2203 temperata
972 2119 1145 2203 minusque
1166 2116 1288 2182 habent
1309 2120 1433 2183 terreni
1455 2117 1650 2206 plurimum-

410 2295 413 2299 *
449 2237 480 2284 15
500 2243 562 2308 qne
584 2220 718 2301 umoris,
742 2218 829 2305 quod
851 2218 1021 2282 abundant
1042 2218 1173 2282 umidae
1195 2229 1321 2305 partes,
1344 2243 1410 2284 non
1431 2219 1490 2284 diu
1511 2231 1651 2307 possunt

498 2325 534 2386 in
555 2343 640 2407 aqua
661 2321 764 2383 vitam
786 2321 880 2384 tueri.
934 2341 1012 2404 ergo
1040 2320 1069 2382 si
1090 2318 1171 2383 haec
1192 2321 1240 2384 ita
1261 2320 1416 2386 videntur
1438 2322 1649 2407 quemadmo-
1668 2345 1684 2393 8

500 2423 578 2486 dum
600 2423 827 2508 proposuimus
858 2431 890 2486 et
912 2443 930 2483 e
952 2421 1123 2507 principiis
1145 2420 1335 2486 animalium
1358 2445 1493 2509 corpora
1516 2445 1648 2510 compo-

498 2524 563 2588 sita
584 2545 681 2587 sensu
708 2523 905 2609 percipimus
934 2532 966 2586 et
989 2544 1007 2584 e
1034 2523 1294 2607 superationibus
1321 2534 1378 2588 aut
1405 2523 1655 2590 defectionibus¹

499 2646 537 2688 ea
558 2623 706 2689 laborare
728 2623 930 2710 dissolvique
952 2622 1146 2706 indicamus²
1169 2646 1234 2689 non
1257 2624 1444 2690 dubitamus
1468 2623 1548 2711 quiri
1572 2625 1648 2690 dili-

447 2727 628 2811 augentius
662 2728 773 2812 quaeri
804 2726 1033 2813 oporteatsuti
1066 2723 1356 2812 temperatissimas
1385 2725 1466 2790 caeli
1495 2728 1647 2812 regiones

499 2826 669 2913 eligamus,
693 2848 766 2892 cum
788 2827 973 2914 quaerenda
995 2826 1153 2892 fueritin
1174 2828 1337 2891 moenium
1366 2827 1647 2893 conlocationibus

498 2928 683 2995 salubritas.
732 2932 843 3017 itaque
871 2931 969 2994 etiam
997 2939 1094 3017 atque
1130 2931 1228 2994 etiam
1255 2940 1400 2994 veterem
1427 2931 1681 3002 revocandama

498 3054 613 3097 censeo
645 3032 814 3096 rationem.
868 3034 1007 3097 maiores
1041 3032 1128 3094 enim
1161 3029 1334 3118 pecoribus
1363 3031 1539 3105 immolatis
1563 3054 1648 3118 quae

497 3134 717 3221 pascebantur
738 3136 772 3197 in
794 3136 823 3198 is
846 3132 926 3197 locis
950 3133 1069 3219 quibus
1092 3143 1148 3197 aut
1172 3133 1292 3220 oppida
1313 3143 1369 3197 aut
1393 3144 1500 3197 eastra
1522 3135 1647 3198 stativa

446 3249 480 3299 25
497 3234 798 3316 constituebantur,
828 3233 1045 3320 inspiciebant
1073 3234 1230 3315 iocinera,
1261 3243 1293 3297 et
1322 3236 1350 3298 si
1372 3244 1464 3298 erant
1485 3234 1591 3298 livida
1614 3244 1647 3299 et

497 3338 617 3399 vitiosa
638 3336 760 3419 primo,
789 3333 855 3397 alia
880 3332 1092 3397 immolabant
1120 3334 1308 3399 dubitantes
1330 3346 1439 3400 utrum
1461 3335 1575 3400 morbo
1602 3358 1647 3399 an

497 3433 610 3521 pabuli
642 3435 725 3497 vitio
758 3433 847 3497 laesa
880 3444 999 3498 essent.
1055 3456 1128 3497 cum
1159 3434 1308 3521 pluribus
1337 3439 1465 3523 experti
1492 3448 1585 3501 erant
1613 3448 1646 3500 et

497 3534 717 3620 probaverant
731 3535 893 3619 integram
909 3544 942 3599 et
963 3520 1102 3601 solidam
1123 3547 1273 3601 naturam
1294 3538 1473 3603 iocinerum
1496 3560 1539 3602 ex
1560 3561 1646 3625 aqua

568 3727 582 3771 1
601 3723 701 3786 siqui:
719 3725 758 3773 sic
777 3723 835 3774 GH.
860 3720 872 3790 ΙΙ
899 3727 915 3774 2
934 3725 1063 3776 attendat
1080 3727 1150 3779 loa:
1169 3726 1266 3777 tendat
1284 3728 1312 3776 H
1325 3726 1409 3793 (Lis),
1428 3728 1558 3779 intendat
1577 3729 1606 3780 G.
1629 3726 1642 3798 Η

498 3812 514 3859 3
537 3806 723 3859 considerabit
748 3808 770 3857 G
792 3807 859 3870 (eldr
882 3814 990 3859 -raurt
1011 3809 1041 3858 H
1063 3810 1127 3876 (LI).
1151 3806 1163 3876 Η
1192 3812 1207 3860 6
1230 3816 1401 3877 temperatae
1429 3811 1488 3878 (pro
1510 3812 1592 3877 more)
1615 3816 1647 3863 H

498 3892 544 3957 (L)
563 3894 581 3943 i.
600 3908 623 3945 e.
641 3894 704 3941 -te
724 3891 746 3941 G
764 3892 839 3955 (uu,
864 3896 1028 3959 tempestate
1046 3901 1105 3945 ante
1128 3911 1196 3947 corr.
1220 3912 1241 3945 c.
1273 3898 1308 3960 ef.
1330 3897 1370 3955 II,
1392 3902 1414 3956 7,
1434 3900 1459 3947 3.
1479 3900 1503 3955 9,
1522 3895 1558 3961 9).
1586 3895 1600 3965 ΙΙ
1627 3902 1644 3950 9

497 4012 669 4079 plurimoque
688 4014 717 4060 et
734 4025 794 4074 eqo:
812 4011 1012 4076 plurimumque
1032 4028 1066 4061 ex
1079 4013 1139 4063 GH.
1151 4009 1163 4079 ΙΙ
1175 4014 1249 4063 aeris
1267 4020 1296 4063 et
1307 4016 1411 4065 terreni
1425 4015 1475 4066 GH
1488 4015 1548 4080 (ωε
1568 3989 1644 4067 aeris

498 4095 606 4161 (aeriis)
626 4101 655 4147 et
671 4095 789 4145 terrenis
806 4096 839 4144 L.
864 4092 877 4161 ss
901 4098 932 4146 18
951 4098 1193 4162 esuperationibus
1212 4097 1240 4161 (i.
1253 4114 1276 4148 e.
1298 4113 1313 4147 e
1329 4100 1572 4166 superationibus)
1592 4102 1645 4151 GH
1731 4162 1746 4174 .

501 4181 568 4245 (aa,
586 4183 635 4232 sed
649 4181 688 4230 Lc
704 4185 730 4229 et
747 4182 769 4228 1⁶
785 4180 1050 4248 exuberationibus).
1073 4178 1086 4249 l}
1108 4185 1141 4232 22
1159 4190 1218 4232 ante
1241 4184 1337 4247 itaque
1348 4184 1419 4234 mbr.
1443 4186 1514 4246 (rani.
1528 4186 1565 4247 H,
1583 4191 1642 4236 min.

497 4267 545 4315 ute.
564 4269 589 4315 ἐκ
607 4280 686 4329 rrrary.
707 4264 750 4328 G).
770 4263 847 4317 VIII.
871 4262 947 4329 (nura.
966 4282 1013 4318 om.
1028 4265 1060 4330 G)
1085 4268 1128 4317 De
1152 4266 1322 4317 iocineribus
1345 4269 1479 4318 animalis
1498 4267 1589 4333 (—um
1609 4271 1642 4334 G)
1727 4285 1733 4296 ⁴

496 4348 678 4414 inspiciendis
691 4348 726 4398 ad
739 4348 934 4414 explorandam
945 4351 1020 4400 aeris
1031 4349 1165 4415 qualitate
1176 4352 1234 4403 GH.
1252 4348 1264 4417 ΙΙ
1280 4354 1313 4401 23
1323 4368 1405 4403 oense
1418 4353 1570 4403 orationem
1581 4364 1643 4405 ante

497 4447 565 4484 corr.
591 4432 782 4497 (censeossr.)
804 4431 925 4497 G(t⁶}t0):
945 4432 1035 4484 cens&
1052 4450 1074 4483 r.
1092 4435 1124 4483 H
1136 4431 1178 4496 (t,
1198 4440 1292 4486 censet
1303 4452 1324 4485 r.
1338 4452 1352 4485 c
1367 4444 1392 4486 et
1410 4446 1469 4487 unte
1487 4454 1556 4489 corr.
1576 4441 1605 4497 l).
1627 4439 1640 4506 ξΙ

496 4514 530 4562 at
547 4515 571 4563 is
594 4516 641 4577 (iis
658 4518 727 4577 doe,
752 4518 806 4568 hiis
827 4533 878 4583 pro
900 4534 968 4568 more
988 4515 1050 4582 G⁶):
1073 4517 1116 4565 his
1141 4517 1200 4567 GH.
1228 4515 1241 4584 fl
1268 4522 1302 4570 ‘25
1330 4521 1454 4571 iocinera
1478 4520 1547 4586 (ilem
1563 4540 1587 4576 v.
1606 4527 1643 4573 28

497 4596 659 4664 iocinerum)
674 4602 724 4651 GH
737 4601 796 4664 (Le,
806 4602 931 4653 locinera
941 4614 1062 4653 ureteras.
1077 4601 1106 4660 G,
1119 4601 1244 4652 iocinera
1256 4603 1284 4665 l).
1308 4601 1320 4669 ΙΙ
1342 4607 1375 4654 26
1387 4608 1488 4671 primos
1501 4610 1539 4657 sic
1550 4610 1609 4661 GH.
1625 4607 1639 4675 [Ι

496 4679 701 4747 ‘reintegrans
719 4683 836 4735 solidam
854 4694 914 4736 ante
932 4702 1001 4737 corr.
1020 4687 1075 4750 (qui
1091 4686 1180 4735 inserit
1197 4685 1220 4750 t)
1240 4687 1276 4736 H.
