3984 5825
555 646 616 710 170
1043 661 1197 707 vrruuvrr

553 813 649 879 vibus
672 836 755 900 quae
776 814 873 901 plano
896 814 979 901 pede
1001 814 1138 894 luerint,
1161 813 1196 876 in
1217 814 1282 877 imo
1304 811 1489 899 pavimento
1510 808 1578 874 alte
1600 812 1696 874 circi·

552 925 601 979 ter
624 915 762 1003 pedibus
784 917 888 981 tribus
910 940 969 1003 pro
991 914 1146 979 harenato
1161 922 1246 979 testa
1259 913 1456 979 trullissetur
1472 922 1504 979 et
1519 913 1696 998 dirigatur,

552 1020 601 1082 uti
623 1040 680 1081 eae
702 1027 810 1104 partes
832 1020 1040 1083 tectoriorum
1062 1016 1104 1081 ab
1119 1039 1230 1082 umore
1243 1038 1285 1079 ne
1300 1016 1467 1080 vitientur.
1505 1016 1697 1080 sinautem

551 1118 652 1205 aliqui
679 1121 786 1206 parics
814 1128 987 1206 perpetuos
1017 1118 1168 1183 habuerit
1199 1140 1343 1200 umores,
1377 1116 1543 1204 paululum
1576 1116 1620 1180 ab
1650 1139 1696 1181 -eo
1724 1189 1728 1192 ,

519 1220 721 1285 succedatur
749 1230 780 1286 et
814 1230 959 1286 struatur
995 1222 1078 1286 alter
1112 1221 1219 1285 tenuis
1248 1221 1373 1284 distans
1400 1218 1442 1303 ab
1472 1241 1509 1282 eo
1537 1226 1696 1304 quantum

552 1344 604 1386 res
627 1325 784 1409 patietur,
815 1334 847 1388 et
874 1325 959 1388 inter
982 1324 1064 1388 duos
1092 1324 1234 1410 parietes
1256 1320 1376 1386 canalis
1399 1320 1536 1386 ducatur
1558 1319 1696 1385 inferior

553 1446 648 1510 quam
671 1424 901 1490 libramentum
924 1425 1090 1491 conclavis
1112 1424 1228 1508 fuerit,
1256 1424 1379 1489 habens
1401 1444 1496 1488 nares
1517 1422 1561 1486 ad
1587 1421 1695 1486 locum

551 1536 726 1613 patentem.
765 1529 843 1592 item
864 1550 938 1590 cum
960 1530 995 1592 in
1010 1528 1217 1592 altitudinem
1238 1534 1440 1613 perstructus
1462 1524 1573 1609 fuerit,
1595 1523 1695 1588 relin-

553 1637 694 1714 quantur
716 1631 924 1715 spiramenta.
969 1632 997 1694 si
1020 1631 1106 1693 enim
1128 1652 1194 1694 non
1215 1650 1274 1715 per
1294 1650 1388 1692 nares
1404 1630 1496 1695 umor
1517 1634 1550 1691 et
1572 1626 1695 1690 inimo

503 1742 534 1790 10
553 1739 585 1794 et
607 1731 642 1792 in
664 1753 789 1796 srmrmo
816 1731 968 1796 habuerit
991 1733 1115 1814 exitus,
1145 1754 1210 1804 non
1232 1731 1339 1794 minus
1367 1731 1403 1794 in
1422 1751 1509 1795 nova
1529 1737 1696 1794 structura

553 1853 588 1895 se
609 1832 794 1918 dissipabit.
839 1833 890 1898 his
920 1834 1075 1921 perfectis
1103 1834 1210 1921 paries
1233 1841 1318 1896 testa
1339 1830 1538 1897 trullissetur
1560 1839 1592 1893 et
1616 1829 1695 1893 diri-

552 1943 648 2017 gatur
663 1943 695 1998 et
717 1944 795 1998 tunc
817 1937 953 2001 tectorio
975 1935 1126 2023 poliatur.
1164 1936 1215 2000 sin
1229 1943 1339 1998 autem
1360 1933 1449 1999 locus
1463 1954 1528 1997 non
1550 1933 1696 2018 patietur
1713 1943 1757 1990 2»

553 2043 747 2099 structuram
769 2036 855 2120 fieri,
879 2035 1010 2100 canales
1032 2037 1112 2102 fiant
1134 2046 1166 2101 et
1187 2057 1281 2100 nares
1304 2043 1423 2100 exeant
1443 2034 1486 2097 ad
1507 2033 1617 2098 locum
1639 2055 1695 2120 pa·

552 2144 683 2201 tentem.
728 2137 848 2203 deinde
876 2138 1006 2224 tegulae
1033 2137 1201 2225 bipedales
1224 2160 1266 2202 ex
1287 2160 1352 2201 una
1377 2146 1469 2225 parte
1490 2152 1588 2222 supra
1610 2156 1696 2197 mar-

502 2249 534 2297 15
551 2239 661 2321 ginem
684 2238 805 2312 canalis
834 2241 1048 2327 inponantur,
1078 2262 1120 2304 ex
1141 2240 1243 2305 altera
1270 2248 1362 2327 parte
1389 2234 1571 2304 bessalibus
1598 2235 1696 2301 later—

553 2337 636 2404 culis
659 2341 745 2426 pilae
762 2341 1002 2423 substruuntur,
1025 2344 1060 2406 in
1083 2341 1201 2429 quibus
1225 2342 1364 2406 duarum
1384 2336 1566 2424 tegularum
1581 2336 1699 2423 anguli

553 2441 665 2504 sedere
688 2444 829 2529 possint,
854 2451 885 2507 et
900 2444 946 2506 ita
960 2464 980 2506 a
1002 2444 1126 2530 pariete
1141 2466 1198 2508 eae
1212 2443 1335 2508 distent
1356 2451 1392 2511 ut
1407 2462 1448 2504 ne
1463 2439 1536 2527 plus
1559 2448 1698 2526 pateant

551 2542 704 2628 palmum.
749 2544 867 2608 deinde
890 2545 1024 2632 insuper
1046 2554 1171 2609 erectae
1192 2553 1385 2610 mammatae
1412 2541 1543 2628 tegulae
1563 2540 1606 2606 ab
1631 2543 1697 2606 imo

551 2646 592 2707 ad
615 2667 773 2709 summum
796 2647 838 2710 ad
864 2647 1023 2732 parietem
1045 2647 1202 2732 figantur,
1232 2668 1368 2733 quarum
1389 2645 1561 2710 interiores
1583 2652 1697 2730 partes

501 2757 534 2804 ‘ro
553 2747 711 2810 curiosius
733 2749 882 2833 picentur
902 2758 939 2812 ut
961 2748 1003 2812 ab
1027 2769 1061 2812 se
1083 2756 1237 2835 respuant
1259 2747 1426 2835 liquorem.
1469 2747 1549 2810 item
1571 2746 1607 2809 in
1630 2745 1697 2808 imo

552 2856 584 2911 et
606 2848 641 2909 in
664 2871 789 2913 summo
804 2872 902 2938 supra
917 2872 1078 2915 cameram
1100 2849 1241 2916 habeant
1256 2851 1462 2938 spiramenta.
1499 2855 1569 2913 tum
1582 2855 1697 2913 autem
1715 2858 1732 2906 3

551 2948 639 3014 ealce
662 2973 704 3014 cx
726 2974 810 3038 aqua
837 2951 963 3038 liquida
985 2951 1193 3034 dealbentur,
1221 2954 1270 3016 uti
1297 2950 1566 3017 trullissationem
1593 2958 1697 3014 testa-

552 3073 641 3115 ceam
672 3076 737 3117 non
763 3063 929 3140 respuant.
979 3075 1118 3147 namque
1146 3063 1279 3141 propter
1306 3055 1509 3119 ieiunitatem
1537 3059 1696 3139 quaeest

551 3176 571 3216 a
603 3154 792 3219 fornacibus
823 3164 958 3219 excocta
985 3178 1051 3220 non
1084 3164 1220 3242 possunt
1255 3157 1401 3243 recipere
1427 3174 1493 3217 nec
1520 3154 1695 3235 sustinere,

455 3319 458 3344 Ι,
501 3261 534 3309 25
552 3256 616 3319 nisi
638 3253 712 3318 calx
735 3255 882 3321 subiecta
902 3267 1057 3344 utrasque
1079 3279 1131 3320 res
1154 3258 1239 3321 inter
1261 3279 1296 3322 se
1318 3256 1520 3342 conglutinet
1543 3263 1575 3319 et
1597 3262 1715 3340 cogat-

250 3343 489 3483 wlff&
551 3358 648 3419 coire.
692 3354 926 3423 trullissatione
948 3357 1083 3423 inducta
1105 3381 1163 3446 pro
1185 3358 1341 3457 harenato
1363 3366 1448 3425 testa
1463 3357 1638 3443 dirigatur,
1663 3364 1696 3419 et

551 3562 778 3569 ——--—-—

619 3697 632 3744 l
653 3695 757 3745 fuerint
774 3696 872 3745 inimo:
898 3699 936 3746 sic
956 3697 1006 3746 ΕΗ
1029 3695 1074 3760 (ab
1094 3699 1148 3747 imo
1170 3698 1249 3761 dou).
1272 3696 1284 3765 ΙΙ
1307 3702 1322 3749 2
1345 3697 1502 3750 trulissetnr
1523 3697 1553 3748 H
1574 3693 1612 3761 (et
1634 3706 1696 3749 aare

551 3796 619 3832 corr.
639 3778 673 3846 c).
697 3776 709 3845 ΙΙ
733 3784 748 3832 3
767 3796 817 3832 sae
838 3783 865 3831 H
884 3781 921 3845 (et
939 3789 997 3831 aare
1015 3797 1083 3835 corr.
1103 3782 1151 3846 L):
1169 3783 1223 3833 hae
1244 3784 1265 3834 Ε
1284 3786 1324 3847 (lc,
1343 3781 1529 3835 *ese=hsas
1548 3782 1617 3846 (Η).
1643 3779 1655 3849 ΙΙ
1679 3784 1712 3833 4’

552 3865 639 3931 aliqui
654 3862 703 3933 [H
722 3867 822 3933 (aliqui
838 3866 887 3929 hl:
907 3867 1008 3931 aliquis
1028 3867 1049 3917 Ε
1067 3863 1123 3933 (lc).
1147 3865 1159 3934 ΙΙ
1181 3867 1337 3934 paululum:
1355 3871 1393 3920 sic
1412 3868 1470 3921 ΕΗ.
1485 3862 1528 3934 [11
1548 3867 1696 3919 conclusis

551 3952 580 4002 H
598 3949 683 4019 (Lle):
704 3952 831 4004 conclavi
850 3952 879 4005 Ε.
898 3946 942 4019 118
960 3955 1130 4017 perstructus
1148 3955 1188 4003 ed.
1208 3952 1298 4017 (rec.):
1316 3955 1480 4021 perstrictus
1500 3937 1558 4011 ΕΗ.
1575 3948 1588 4018 ss
1603 3954 1621 4002 9
1638 3952 1696 4017 spi-

550 4038 678 4088 ramentis
696 4044 756 4088 ante
773 4054 841 4090 corr.
863 4038 892 4091 Ε.
915 4033 928 4103 ΙΙ
952 4038 981 4086 11
1002 4035 1143 4102 derigatur
1163 4037 1217 4088 ΕΗ
1232 4034 1381 4105 (dirigatur
1398 4036 1467 4103 Ltc).
1501 4038 1550 4087 sed
1569 4035 1643 4099 iufra
1660 4039 1696 4086 26

517 4164 523 4171 .
552 4120 765 4188 dirigatur-GH.
790 4118 802 4188 ΙΙ
826 4124 857 4173 13
876 4124 976 4172 exeant
995 4122 1029 4172 G:
1048 4125 1149 4172 exeunt
1167 4122 1196 4172 H
1214 4119 1293 4186 (Hc).
1315 4119 1327 4188 ΙΙ
1348 4124 1379 4174 15
1396 4120 1542 4172 laterculis
1559 4121 1621 4172 add.
1634 4118 1694 4171 Joc.

551 4222 586 4256 ea
607 4208 638 4265 V,
658 4209 697 4269 10,
718 4210 733 4255 2
753 4196 905 4269 (besalibus
923 4187 999 4271 pilae
1020 4206 1090 4270 ΕΗ).
1112 4203 1124 4272 Η
1148 4206 1180 4257 16
1198 4207 1309 4271 angulis
1329 4207 1363 4257 Εσ
1381 4204 1480 4271 (solus).
1501 4200 1513 4271 ΙΙ
1536 4206 1568 4255 17
1591 4208 1695 4271 apaete

550 4296 609 4339 ante
627 4305 695 4343 corr.
716 4291 744 4342 Ε.
767 4286 780 4357 ΙΙ
803 4306 853 4341 eae
874 4292 924 4343 ΕΗ
947 4290 1011 4353 (hae
1033 4290 1101 4355 Llc).
1125 4286 1137 4355 ΙΙ
1159 4289 1264 4341 distent
1288 4290 1322 4341 G:
1347 4290 1452 4340 distant
1476 4290 1502 4339 H
1520 4288 1601 4353 (Lis).
1626 4285 1638 4355 Η
1662 4292 1696 4339 18

552 4379 715 4425 mammatae
733 4374 810 4424 Sela.
829 4374 1078 4438 (ePrin.35,159):
1098 4378 1217 4439 ammatq
1232 4374 1262 4439 G,
1282 4376 1393 4424 amatae
1413 4374 1443 4423 H
1453 4370 1533 4437 (Lis).
1557 4368 1571 4439 ss
1594 4375 1626 4422 19
1646 4372 1695 4422 ad·

551 4471 681 4508 summum
699 4459 883 4525 adparietem:
901 4463 939 4511 sic
958 4460 1016 4512 GH.
1032 4456 1044 4526 Η
1060 4460 1092 4509 20
1110 4459 1204 4509 inimo
1223 4463 1251 4509 et
1264 4459 1293 4508 in
1305 4473 1422 4511 summo:
1440 4460 1479 4509 sie
1492 4455 1549 4509 ΕΗ.
1567 4453 1627 4523 1121
1648 4472 1696 4507 ca·

551 4556 649 4591 meram
663 4544 684 4593 Ε
698 4543 763 4608 (ct):
783 4560 921 4595 camaram
938 4547 969 4594 H
985 4541 1051 4607 (st).
1075 4540 1087 4609 ΙΙ
1109 4544 1280 4609 spiramenta
1296 4543 1365 4598 dou:
1385 4546 1538 4593 stramenta
1557 4541 1615 4594 ΕΗ.
1631 4537 1697 4606 [122

551 4628 702 4676 testaceam
715 4629 750 4677 L:
764 4630 852 4678 testei
860 4629 888 4687 Ε,
900 4624 1067 4692 testae(-ts
1076 4625 1095 4693 l)
1109 4630 1165 4678 tam
1175 4628 1205 4677 H
1217 4625 1273 4690 (lc).
1287 4624 1300 4693 ΙΙ
1316 4628 1349 4677 25
1363 4625 1422 4677 cals
1432 4633 1481 4677 cet
1492 4633 1552 4677 aare
1563 4640 1633 4675 corr.
1647 4628 1663 4674 t.
1681 4621 1695 4689 ll

502 4735 514 4749 κ
551 4714 634 4771 cogat
653 4712 726 4760 coire
747 4712 779 4763 G:
799 4712 904 4777 cogitat
922 4714 1017 4777 quoire
1035 4711 1066 4760 H
1083 4710 1151 4774 (Ele,
1170 4712 1219 4762 ussi
1236 4713 1305 4777 quod
1321 4717 1403 4777 cogat
1421 4712 1472 4772 ccli,
1492 4710 1567 4763 coire
1584 4706 1636 4774 ao).
