<?xml version="1.0" encoding="UTF-8"?>
<!DOCTYPE html PUBLIC "-//W3C//DTD XHTML 1.0 Transitional//EN"
    "http://www.w3.org/TR/xhtml1/DTD/xhtml1-transitional.dtd">
<html xmlns="http://www.w3.org/1999/xhtml" xml:lang="en" lang="en">
 <head>
  <title>
</title>
<meta http-equiv="Content-Type" content="text/html;charset=utf-8" />
  <meta name='ocr-system' content='tesseract 3.04.00' />
  <meta name='ocr-capabilities' content='ocr_page ocr_carea ocr_par ocr_line ocrx_word'/>
</head>
<body>
  <div class='ocr_page' id='page_1' title='image "./vitruviidearchi00strgoog_0310.png"; bbox 0 0 3984 5825; ppageno 0'>
   <div class='ocr_carea' id='block_1_1' title="bbox 363 1869 1637 4134">
    <p class='ocr_par' dir='ltr' id='par_1_1' title="bbox 363 1869 1499 3016">
     <span class='ocr_line' id='line_1_1' title="bbox 443 1869 1499 1999; baseline -0.001 -20"><span class='ocrx_word' id='word_1_1' title='bbox 443 1869 501 1979; x_wconf 80' lang='lat' dir='ltr'>De</span> <span class='ocrx_word' id='word_1_2' title='bbox 523 1911 602 1975; x_wconf 90' lang='lat' dir='ltr'>artis</span> <span class='ocrx_word' id='word_1_3' title='bbox 625 1912 897 1977; x_wconf 82' lang='lat' dir='ltr'>architectonicae</span> <span class='ocrx_word' id='word_1_4' title='bbox 911 1913 1031 1999; x_wconf 90' lang='lat' dir='ltr'>peritia</span> <span class='ocrx_word' id='word_1_5' title='bbox 1050 1911 1151 1977; x_wconf 91' lang='lat' dir='ltr'>multa</span> <span class='ocrx_word' id='word_1_6' title='bbox 1167 1913 1311 1978; x_wconf 90' lang='lat' dir='ltr'>oratione</span> <span class='ocrx_word' id='word_1_7' title='bbox 1327 1912 1499 1978; x_wconf 83' lang='lat' dir='ltr'>Vitruvius</span> 
     </span>
     <span class='ocr_line' id='line_1_2' title="bbox 376 2007 1499 2101; baseline 0.008 -30"><span class='ocrx_word' id='word_1_8' title='bbox 376 2007 449 2076; x_wconf 92' lang='lat' dir='ltr'>Polio</span> <span class='ocrx_word' id='word_1_9' title='bbox 469 2012 590 2098; x_wconf 91' lang='lat' dir='ltr'>aliique</span> <span class='ocrx_word' id='word_1_10' title='bbox 612 2024 760 2078; x_wconf 89' lang='lat' dir='ltr'>auctores</span> <span class='ocrx_word' id='word_1_11' title='bbox 777 2015 993 2078; x_wconf 87' lang='lat' dir='ltr'>scientissimo</span> <span class='ocrx_word' id='word_1_12' title='bbox 1008 2014 1178 2100; x_wconf 80' lang='lat' dir='ltr'>scripsere.</span> <span class='ocrx_word' id='word_1_13' title='bbox 1217 2036 1330 2078; x_wconf 86' lang='lat' dir='ltr'>verum</span> <span class='ocrx_word' id='word_1_14' title='bbox 1345 2037 1386 2078; x_wconf 91' lang='lat' dir='ltr'>nc</span> <span class='ocrx_word' id='word_1_15' title='bbox 1402 2014 1499 2101; x_wconf 83' lang='lat' dir='ltr'>longa</span> 
     </span>
     <span class='ocr_line' id='line_1_3' title="bbox 376 2114 1498 2201; baseline 0.007 -28"><span class='ocrx_word' id='word_1_16' title='bbox 376 2129 465 2177; x_wconf 90' lang='lat' dir='ltr'>eorum</span> <span class='ocrx_word' id='word_1_17' title='bbox 489 2114 676 2200; x_wconf 86' lang='lat' dir='ltr'>disertaquo</span> <span class='ocrx_word' id='word_1_18' title='bbox 697 2115 851 2180; x_wconf 86' lang='lat' dir='ltr'>facundia</span> <span class='ocrx_word' id='word_1_19' title='bbox 873 2115 1102 2181; x_wconf 85' lang='lat' dir='ltr'>humilioribus</span> <span class='ocrx_word' id='word_1_20' title='bbox 1124 2117 1265 2201; x_wconf 86' lang='lat' dir='ltr'>ingeniis</span> <span class='ocrx_word' id='word_1_21' title='bbox 1287 2114 1430 2181; x_wconf 88' lang='lat' dir='ltr'>alienum</span> <span class='ocrx_word' id='word_1_22' title='bbox 1450 2117 1498 2181; x_wconf 84' lang='lat' dir='ltr'>ia·</span> 
     </span>
     <span class='ocr_line' id='line_1_4' title="bbox 374 2215 1498 2307; baseline 0.009 -33"><span class='ocrx_word' id='word_1_23' title='bbox 374 2223 446 2277; x_wconf 84' lang='lat' dir='ltr'>ccret</span> <span class='ocrx_word' id='word_1_24' title='bbox 467 2215 623 2298; x_wconf 90' lang='lat' dir='ltr'>studium,</span> <span class='ocrx_word' id='word_1_25' title='bbox 646 2240 750 2303; x_wconf 85' lang='lat' dir='ltr'>pauca</span> <span class='ocrx_word' id='word_1_26' title='bbox 773 2240 814 2281; x_wconf 87' lang='lat' dir='ltr'>ex</span> <span class='ocrx_word' id='word_1_27' title='bbox 836 2217 887 2282; x_wconf 93' lang='lat' dir='ltr'>his</span> <span class='ocrx_word' id='word_1_28' title='bbox 910 2217 1067 2284; x_wconf 89' lang='lat' dir='ltr'>mediocri</span> <span class='ocrx_word' id='word_1_29' title='bbox 1090 2216 1167 2283; x_wconf 91' lang='lat' dir='ltr'>licet</span> <span class='ocrx_word' id='word_1_30' title='bbox 1189 2240 1337 2284; x_wconf 87' lang='lat' dir='ltr'>sermone</span> <span class='ocrx_word' id='word_1_31' title='bbox 1359 2221 1498 2307; x_wconf 87' lang='lat' dir='ltr'>privatis</span> 
     </span>
     <span class='ocr_line' id='line_1_5' title="bbox 371 2315 1499 2408; baseline 0.011 -34"><span class='ocrx_word' id='word_1_32' title='bbox 371 2315 470 2379; x_wconf 87' lang='lat' dir='ltr'>usibus</span> <span class='ocrx_word' id='word_1_33' title='bbox 504 2339 619 2381; x_wconf 88' lang='lat' dir='ltr'>ornare</span> <span class='ocrx_word' id='word_1_34' title='bbox 650 2318 713 2383; x_wconf 91' lang='lat' dir='ltr'>fuit</span> <span class='ocrx_word' id='word_1_35' title='bbox 743 2318 923 2383; x_wconf 73' lang='lat' dir='ltr'>eonsilium.</span> <span class='ocrx_word' id='word_1_36' title='bbox 969 2341 1051 2405; x_wconf 90' lang='lat' dir='ltr'>quac</span> <span class='ocrx_word' id='word_1_37' title='bbox 1079 2329 1187 2408; x_wconf 90' lang='lat' dir='ltr'>partes</span> <span class='ocrx_word' id='word_1_38' title='bbox 1217 2321 1327 2407; x_wconf 90' lang='lat' dir='ltr'>itaque</span> <span class='ocrx_word' id='word_1_39' title='bbox 1356 2320 1438 2385; x_wconf 89' lang='lat' dir='ltr'>caeli</span> <span class='ocrx_word' id='word_1_40' title='bbox 1467 2330 1499 2386; x_wconf 90' lang='lat' dir='ltr'>et</span> 
     </span>
     <span class='ocr_line' id='line_1_6' title="bbox 365 2418 1497 2510; baseline 0.011 -35"><span class='ocrx_word' id='word_1_41' title='bbox 365 2418 505 2499; x_wconf 74' lang='lat' dir='ltr'>reg&#39;mncs</span> <span class='ocrx_word' id='word_1_42' title='bbox 534 2428 704 2482; x_wconf 90' lang='lat' dir='ltr'>ventorum</span> <span class='ocrx_word' id='word_1_43' title='bbox 734 2420 880 2485; x_wconf 83' lang='lat' dir='ltr'>salubres</span> <span class='ocrx_word' id='word_1_44' title='bbox 903 2419 1061 2485; x_wconf 84' lang='lat' dir='ltr'>aedificiis</span> <span class='ocrx_word' id='word_1_45' title='bbox 1085 2421 1260 2489; x_wconf 88' lang='lat' dir='ltr'>videantur</span> <span class='ocrx_word' id='word_1_46' title='bbox 1282 2432 1314 2487; x_wconf 90' lang='lat' dir='ltr'>ct</span> <span class='ocrx_word' id='word_1_47' title='bbox 1337 2446 1401 2510; x_wconf 89' lang='lat' dir='ltr'>qua</span> <span class='ocrx_word' id='word_1_48' title='bbox 1423 2423 1497 2488; x_wconf 88' lang='lat' dir='ltr'>sub-</span> 
     </span>
     <span class='ocr_line' id='line_1_7' title="bbox 363 2512 1499 2608; baseline 0.008 -27"><span class='ocrx_word' id='word_1_49' title='bbox 363 2512 475 2585; x_wconf 80' lang='lat' dir='ltr'>tilitate</span> <span class='ocrx_word' id='word_1_50' title='bbox 496 2520 606 2585; x_wconf 89' lang='lat' dir='ltr'>nocivi</span> <span class='ocrx_word' id='word_1_51' title='bbox 628 2520 724 2586; x_wconf 90' lang='lat' dir='ltr'>flatus</span> <span class='ocrx_word' id='word_1_52' title='bbox 747 2529 937 2586; x_wconf 84' lang='lat' dir='ltr'>avertantur</span> <span class='ocrx_word' id='word_1_53' title='bbox 952 2522 1127 2608; x_wconf 90' lang='lat' dir='ltr'>aditusque</span> <span class='ocrx_word' id='word_1_54' title='bbox 1142 2525 1312 2588; x_wconf 87' lang='lat' dir='ltr'>ianuarum</span> <span class='ocrx_word' id='word_1_55' title='bbox 1329 2535 1361 2590; x_wconf 92' lang='lat' dir='ltr'>ct</span> <span class='ocrx_word' id='word_1_56' title='bbox 1376 2525 1499 2590; x_wconf 87' lang='lat' dir='ltr'>lumina</span> 
     </span>
     <span class='ocr_line' id='line_1_8' title="bbox 363 2609 1498 2710; baseline 0.007 -28"><span class='ocrx_word' id='word_1_57' title='bbox 363 2609 506 2685; x_wconf 74' lang='lat' dir='ltr'>fenestris</span> <span class='ocrx_word' id='word_1_58' title='bbox 529 2620 655 2686; x_wconf 88' lang='lat' dir='ltr'>utiliter</span> <span class='ocrx_word' id='word_1_59' title='bbox 677 2625 879 2708; x_wconf 83' lang='lat' dir='ltr'>tribuantur,</span> <span class='ocrx_word' id='word_1_60' title='bbox 909 2623 1070 2710; x_wconf 86' lang='lat' dir='ltr'>quibusve</span> <span class='ocrx_word' id='word_1_61' title='bbox 1092 2626 1252 2689; x_wconf 87' lang='lat' dir='ltr'>mensuris</span> <span class='ocrx_word' id='word_1_62' title='bbox 1274 2625 1498 2692; x_wconf 84' lang='lat' dir='ltr'>aedificiorum</span> 
     </span>
     <span class='ocr_line' id='line_1_9' title="bbox 364 2723 1498 2814; baseline 0.008 -31"><span class='ocrx_word' id='word_1_63' title='bbox 364 2723 499 2786; x_wconf 81' lang='lat' dir='ltr'>nembra</span> <span class='ocrx_word' id='word_1_64' title='bbox 521 2723 746 2810; x_wconf 86' lang='lat' dir='ltr'>disponantur,</span> <span class='ocrx_word' id='word_1_65' title='bbox 771 2727 890 2812; x_wconf 86' lang='lat' dir='ltr'>quibus</span> <span class='ocrx_word' id='word_1_66' title='bbox 913 2727 1017 2810; x_wconf 85' lang='lat' dir='ltr'>signis</span> <span class='ocrx_word' id='word_1_67' title='bbox 1040 2726 1147 2789; x_wconf 92' lang='lat' dir='ltr'>tenuis</span> <span class='ocrx_word' id='word_1_68' title='bbox 1163 2724 1398 2811; x_wconf 86' lang='lat' dir='ltr'>abundansquc</span> <span class='ocrx_word' id='word_1_69' title='bbox 1414 2749 1498 2814; x_wconf 88' lang='lat' dir='ltr'>aqua</span> 
     </span>
     <span class='ocr_line' id='line_1_10' title="bbox 365 2825 1497 2916; baseline 0.007 -31"><span class='ocrx_word' id='word_1_70' title='bbox 365 2826 556 2907; x_wconf 81' lang='lat' dir='ltr'>nveniatur,</span> <span class='ocrx_word' id='word_1_71' title='bbox 589 2825 653 2889; x_wconf 87' lang='lat' dir='ltr'>alia</span> <span class='ocrx_word' id='word_1_72' title='bbox 684 2829 779 2892; x_wconf 90' lang='lat' dir='ltr'>ctiam</span> <span class='ocrx_word' id='word_1_73' title='bbox 809 2850 890 2916; x_wconf 90' lang='lat' dir='ltr'>quac</span> <span class='ocrx_word' id='word_1_74' title='bbox 917 2826 1113 2891; x_wconf 87' lang='lat' dir='ltr'>aedificandi</span> <span class='ocrx_word' id='word_1_75' title='bbox 1135 2828 1241 2913; x_wconf 87' lang='lat' dir='ltr'>gratia</span> <span class='ocrx_word' id='word_1_76' title='bbox 1264 2829 1347 2891; x_wconf 87' lang='lat' dir='ltr'>scire</span> <span class='ocrx_word' id='word_1_77' title='bbox 1370 2837 1497 2916; x_wconf 87' lang='lat' dir='ltr'>oportet</span> 
     </span>
     <span class='ocr_line' id='line_1_11' title="bbox 364 2929 1119 3016; baseline 0.005 -26"><span class='ocrx_word' id='word_1_78' title='bbox 364 2929 451 2991; x_wconf 75' lang='lat' dir='ltr'>›revi</span> <span class='ocrx_word' id='word_1_79' title='bbox 473 2930 702 3016; x_wconf 83' lang='lat' dir='ltr'>succinctaque</span> <span class='ocrx_word' id='word_1_80' title='bbox 724 2932 910 2995; x_wconf 87' lang='lat' dir='ltr'>narratione</span> <span class='ocrx_word' id='word_1_81' title='bbox 932 2952 1119 3016; x_wconf 81' lang='lat' dir='ltr'>cognosces.</span> 
     </span>
    </p>

    <p class='ocr_par' dir='ltr' id='par_1_2' title="bbox 363 3029 1637 4134">
     <span class='ocr_line' id='line_1_12' title="bbox 440 3029 1637 3119; baseline -0.003 -27"><span class='ocrx_word' id='word_1_82' title='bbox 440 3029 548 3093; x_wconf 88' lang='lat' dir='ltr'>Primo</span> <span class='ocrx_word' id='word_1_83' title='bbox 578 3053 654 3116; x_wconf 84' lang='lat' dir='ltr'>ergo</span> <span class='ocrx_word' id='word_1_84' title='bbox 687 3054 769 3118; x_wconf 91' lang='lat' dir='ltr'>quac</span> <span class='ocrx_word' id='word_1_85' title='bbox 798 3033 961 3119; x_wconf 87' lang='lat' dir='ltr'>principia</span> <span class='ocrx_word' id='word_1_86' title='bbox 987 3033 1030 3095; x_wconf 92' lang='lat' dir='ltr'>ad</span> <span class='ocrx_word' id='word_1_87' title='bbox 1057 3031 1307 3096; x_wconf 87' lang='lat' dir='ltr'>architecturam</span> <span class='ocrx_word' id='word_1_88' title='bbox 1334 3031 1499 3116; x_wconf 87' lang='lat' dir='ltr'>pertinere</span> <span class='ocrx_word' id='word_1_89' title='bbox 1514 3049 1568 3091; x_wconf 72' lang='lat' dir='ltr'>tuo.</span> <span class='ocrx_word' id='word_1_90' title='bbox 1585 3052 1603 3099; x_wconf 90' lang='lat'>1,</span> <span class='ocrx_word' id='word_1_91' title='bbox 1618 3051 1637 3088; x_wconf 81' lang='lat' dir='ltr'>r.</span> 
     </span>
     <span class='ocr_line' id='line_1_13' title="bbox 363 3112 1497 3219; baseline 0.006 -30"><span class='ocrx_word' id='word_1_92' title='bbox 363 3112 495 3196; x_wconf 82' lang='lat' dir='ltr'>lebeant</span> <span class='ocrx_word' id='word_1_93' title='bbox 528 3132 674 3198; x_wconf 87' lang='lat' dir='ltr'>studiose</span> <span class='ocrx_word' id='word_1_94' title='bbox 707 3133 876 3199; x_wconf 87' lang='lat' dir='ltr'>attondere</span> <span class='ocrx_word' id='word_1_95' title='bbox 903 3134 1067 3199; x_wconf 86' lang='lat' dir='ltr'>convenit.</span> <span class='ocrx_word' id='word_1_96' title='bbox 1112 3134 1220 3198; x_wconf 90' lang='lat' dir='ltr'>omnia</span> <span class='ocrx_word' id='word_1_97' title='bbox 1249 3133 1335 3197; x_wconf 90' lang='lat' dir='ltr'>enim</span> <span class='ocrx_word' id='word_1_98' title='bbox 1363 3131 1497 3219; x_wconf 91' lang='lat' dir='ltr'>pulchro</span> 
     </span>
     <span class='ocr_line' id='line_1_14' title="bbox 364 3215 1497 3322; baseline 0.007 -30"><span class='ocrx_word' id='word_1_99' title='bbox 364 3215 471 3296; x_wconf 79' lang='lat' dir='ltr'>lecore</span> <span class='ocrx_word' id='word_1_100' title='bbox 492 3255 531 3297; x_wconf 90' lang='lat' dir='ltr'>ac</span> <span class='ocrx_word' id='word_1_101' title='bbox 553 3245 691 3300; x_wconf 87' lang='lat' dir='ltr'>venusta</span> <span class='ocrx_word' id='word_1_102' title='bbox 711 3235 854 3300; x_wconf 89' lang='lat' dir='ltr'>utilitate</span> <span class='ocrx_word' id='word_1_103' title='bbox 875 3234 946 3299; x_wconf 92' lang='lat' dir='ltr'>ficri</span> <span class='ocrx_word' id='word_1_104' title='bbox 971 3244 1139 3322; x_wconf 89' lang='lat' dir='ltr'>poterunt,</span> <span class='ocrx_word' id='word_1_105' title='bbox 1164 3236 1193 3299; x_wconf 92' lang='lat' dir='ltr'>si</span> <span class='ocrx_word' id='word_1_106' title='bbox 1214 3244 1290 3298; x_wconf 90' lang='lat' dir='ltr'>ante</span> <span class='ocrx_word' id='word_1_107' title='bbox 1305 3234 1401 3300; x_wconf 89' lang='lat' dir='ltr'>huius</span> <span class='ocrx_word' id='word_1_108' title='bbox 1417 3235 1497 3300; x_wconf 89' lang='lat' dir='ltr'>artis</span> 
     </span>
     <span class='ocr_line' id='line_1_15' title="bbox 363 3334 1539 3423; baseline 0.002 -27"><span class='ocrx_word' id='word_1_109' title='bbox 363 3334 479 3405; x_wconf 53' lang='lat' dir='ltr'>teritus</span> <span class='ocrx_word' id='word_1_110' title='bbox 508 3335 587 3399; x_wconf 91' lang='lat' dir='ltr'>ordo</span> <span class='ocrx_word' id='word_1_111' title='bbox 616 3337 770 3401; x_wconf 89' lang='lat' dir='ltr'>discatur.</span> <span class='ocrx_word' id='word_1_112' title='bbox 814 3360 891 3401; x_wconf 89' lang='lat' dir='ltr'>nam</span> <span class='ocrx_word' id='word_1_113' title='bbox 918 3336 1156 3401; x_wconf 88' lang='lat' dir='ltr'>architecturae</span> <span class='ocrx_word' id='word_1_114' title='bbox 1183 3345 1291 3423; x_wconf 88' lang='lat' dir='ltr'>partes</span> <span class='ocrx_word' id='word_1_115' title='bbox 1315 3345 1391 3402; x_wconf 90' lang='lat' dir='ltr'>sunt</span> <span class='ocrx_word' id='word_1_116' title='bbox 1413 3346 1497 3421; x_wconf 89' lang='lat' dir='ltr'>octo,</span> <span class='ocrx_word' id='word_1_117' title='bbox 1537 3393 1539 3398; x_wconf 81' lang='grc'>,</span> 
     </span>
     <span class='ocr_line' id='line_1_16' title="bbox 363 3436 1497 3530; baseline 0.004 -30"><span class='ocrx_word' id='word_1_118' title='bbox 363 3444 438 3514; x_wconf 79' lang='lat' dir='ltr'>{uae</span> <span class='ocrx_word' id='word_1_119' title='bbox 459 3446 535 3500; x_wconf 89' lang='lat' dir='ltr'>sunt</span> <span class='ocrx_word' id='word_1_120' title='bbox 562 3436 740 3522; x_wconf 88' lang='lat' dir='ltr'>ordinatio,</span> <span class='ocrx_word' id='word_1_121' title='bbox 769 3438 958 3526; x_wconf 87' lang='lat' dir='ltr'>dispositio,</span> <span class='ocrx_word' id='word_1_122' title='bbox 989 3445 1161 3530; x_wconf 87' lang='lat' dir='ltr'>venustas,</span> <span class='ocrx_word' id='word_1_123' title='bbox 1189 3458 1357 3521; x_wconf 88' lang='lat' dir='ltr'>mensura,</span> <span class='ocrx_word' id='word_1_124' title='bbox 1387 3438 1497 3504; x_wconf 88' lang='lat' dir='ltr'>distri·</span> 
     </span>
     <span class='ocr_line' id='line_1_17' title="bbox 364 3537 1498 3622; baseline 0.004 -21"><span class='ocrx_word' id='word_1_125' title='bbox 364 3538 462 3619; x_wconf 60' lang='lat' dir='ltr'>intio,</span> <span class='ocrx_word' id='word_1_126' title='bbox 496 3537 696 3621; x_wconf 85' lang='lat' dir='ltr'>aedificatio,</span> <span class='ocrx_word' id='word_1_127' title='bbox 731 3539 927 3622; x_wconf 90' lang='lat' dir='ltr'>conlocatio,</span> <span class='ocrx_word' id='word_1_128' title='bbox 961 3538 1170 3605; x_wconf 88' lang='lat' dir='ltr'>machinatio.</span> <span class='ocrx_word' id='word_1_129' title='bbox 1217 3561 1259 3604; x_wconf 89' lang='lat' dir='ltr'>ex</span> <span class='ocrx_word' id='word_1_130' title='bbox 1291 3537 1343 3605; x_wconf 90' lang='lat' dir='ltr'>his</span> <span class='ocrx_word' id='word_1_131' title='bbox 1378 3538 1498 3606; x_wconf 78' lang='lat' dir='ltr'>Gracci</span> 
     </span>
     <span class='ocr_line' id='line_1_18' title="bbox 363 3639 1497 3725; baseline 0.003 -22"><span class='ocrx_word' id='word_1_132' title='bbox 363 3640 499 3725; x_wconf 72' lang='lat' dir='ltr'>{uirique</span> <span class='ocrx_word' id='word_1_133' title='bbox 534 3639 702 3704; x_wconf 89' lang='lat' dir='ltr'>vocabulis</span> <span class='ocrx_word' id='word_1_134' title='bbox 743 3641 888 3706; x_wconf 91' lang='lat' dir='ltr'>studium</span> <span class='ocrx_word' id='word_1_135' title='bbox 927 3640 1168 3705; x_wconf 87' lang='lat' dir='ltr'>architecturae</span> <span class='ocrx_word' id='word_1_136' title='bbox 1202 3663 1273 3706; x_wconf 88' lang='lat' dir='ltr'>esse</span> <span class='ocrx_word' id='word_1_137' title='bbox 1307 3642 1497 3708; x_wconf 84' lang='lat' dir='ltr'>docucnrnt.</span> 
     </span>
     <span class='ocr_line' id='line_1_19' title="bbox 363 3739 1498 3829; baseline 0.003 -25"><span class='ocrx_word' id='word_1_138' title='bbox 363 3754 430 3805; x_wconf 83' lang='lat' dir='ltr'>lam</span> <span class='ocrx_word' id='word_1_139' title='bbox 445 3739 682 3806; x_wconf 83' lang='lat' dir='ltr'>ordinationem</span> <span class='ocrx_word' id='word_1_140' title='bbox 704 3740 809 3825; x_wconf 80' lang='grc' dir='ltr'>τάξιν,</span> <span class='ocrx_word' id='word_1_141' title='bbox 834 3742 1083 3829; x_wconf 88' lang='lat' dir='ltr'>dispositionem</span> <span class='ocrx_word' id='word_1_142' title='bbox 1102 3742 1269 3826; x_wconf 67' lang='lat' dir='ltr'>tiammo,</span> <span class='ocrx_word' id='word_1_143' title='bbox 1293 3755 1498 3809; x_wconf 87' lang='lat' dir='ltr'>venustatem</span> 
     </span>
     <span class='ocr_line' id='line_1_20' title="bbox 363 3841 1496 3929; baseline 0.004 -25"><span class='ocrx_word' id='word_1_144' title='bbox 363 3850 387 3906; x_wconf 76' lang='lat' dir='ltr'>a</span> <span class='ocrx_word' id='word_1_145' title='bbox 414 3841 565 3906; x_wconf 89' lang='lat' dir='ltr'>decorem</span> <span class='ocrx_word' id='word_1_146' title='bbox 594 3849 801 3927; x_wconf 75' lang='grc' dir='ltr'><em>ευρυθμιαν,</em></span> <span class='ocrx_word' id='word_1_147' title='bbox 844 3843 1049 3908; x_wconf 89' lang='lat' dir='ltr'>modulorum</span> <span class='ocrx_word' id='word_1_148' title='bbox 1080 3866 1247 3909; x_wconf 89' lang='lat' dir='ltr'>mensuras</span> <span class='ocrx_word' id='word_1_149' title='bbox 1276 3861 1496 3929; x_wconf 80' lang='grc' dir='ltr'><em>συμμετριαν,</em></span> 
     </span>
     <span class='ocr_line' id='line_1_21' title="bbox 364 3938 1496 4033; baseline 0.004 -26"><span class='ocrx_word' id='word_1_150' title='bbox 364 3938 618 4009; x_wconf 87' lang='lat' dir='ltr'>listributionem</span> <span class='ocrx_word' id='word_1_151' title='bbox 642 3967 838 4028; x_wconf 85' lang='grc' dir='ltr'><strong><em>οικονομιαν</em></strong></span> <span class='ocrx_word' id='word_1_152' title='bbox 859 3944 1119 4033; x_wconf 88' lang='lat' dir='ltr'>appellaverunt.</span> <span class='ocrx_word' id='word_1_153' title='bbox 1163 3945 1323 4010; x_wconf 91' lang='lat' dir='ltr'>ordinatio</span> <span class='ocrx_word' id='word_1_154' title='bbox 1347 3956 1397 4011; x_wconf 89' lang='lat' dir='ltr'>cst</span> <span class='ocrx_word' id='word_1_155' title='bbox 1420 3968 1496 4031; x_wconf 85' lang='lat' dir='ltr'>crgo</span> 
     </span>
     <span class='ocr_line' id='line_1_22' title="bbox 364 4045 1496 4134; baseline 0.004 -26"><span class='ocrx_word' id='word_1_156' title='bbox 364 4046 571 4111; x_wconf 86' lang='lat' dir='ltr'>nembrorum</span> <span class='ocrx_word' id='word_1_157' title='bbox 594 4045 777 4132; x_wconf 86' lang='lat' dir='ltr'>dispositio,</span> <span class='ocrx_word' id='word_1_158' title='bbox 802 4055 833 4111; x_wconf 88' lang='lat' dir='ltr'>et</span> <span class='ocrx_word' id='word_1_159' title='bbox 849 4057 974 4114; x_wconf 89' lang='lat' dir='ltr'>constat</span> <span class='ocrx_word' id='word_1_160' title='bbox 990 4070 1033 4113; x_wconf 84' lang='lat' dir='ltr'>ex</span> <span class='ocrx_word' id='word_1_161' title='bbox 1047 4048 1240 4134; x_wconf 88' lang='lat' dir='ltr'>quantitate,</span> <span class='ocrx_word' id='word_1_162' title='bbox 1264 4069 1361 4134; x_wconf 88' lang='lat' dir='ltr'>quam</span> <span class='ocrx_word' id='word_1_163' title='bbox 1377 4045 1496 4113; x_wconf 80' lang='lat' dir='ltr'>Graeci</span> 
     </span>
    </p>
   </div>
   <div class='ocr_carea' id='block_1_2' title="bbox 363 4352 1496 4762">
    <p class='ocr_par' dir='ltr' id='par_1_3' title="bbox 363 4352 1496 4762">
     <span class='ocr_line' id='line_1_23' title="bbox 419 4352 1495 4422; baseline 0.003 -18"><span class='ocrx_word' id='word_1_164' title='bbox 419 4356 437 4404; x_wconf 73' lang='grc'>2</span> <span class='ocrx_word' id='word_1_165' title='bbox 455 4354 641 4407; x_wconf 83' lang='lat' dir='ltr'>scientissime</span> <span class='ocrx_word' id='word_1_166' title='bbox 652 4371 669 4421; x_wconf 77' lang='lat'><em>9</em></span> <span class='ocrx_word' id='word_1_167' title='bbox 682 4357 750 4418; x_wconf 77' lang='lat' dir='ltr'>(item</span> <span class='ocrx_word' id='word_1_168' title='bbox 762 4358 832 4421; x_wconf 79' lang='lat' dir='ltr'>eoepl.</span> <span class='ocrx_word' id='word_1_169' title='bbox 845 4362 904 4420; x_wconf 81' lang='lat' dir='ltr'>post</span> <span class='ocrx_word' id='word_1_170' title='bbox 916 4354 1058 4407; x_wconf 77' lang='lat' dir='ltr'>Palladium</span> <span class='ocrx_word' id='word_1_171' title='bbox 1069 4354 1192 4421; x_wconf 79' lang='lat' dir='ltr'>scripta):</span> <span class='ocrx_word' id='word_1_172' title='bbox 1211 4372 1257 4406; x_wconf 82' lang='lat' dir='ltr'>om.</span> <span class='ocrx_word' id='word_1_173' title='bbox 1270 4372 1311 4421; x_wconf 84' lang='lat' dir='ltr'>op.</span> <span class='ocrx_word' id='word_1_174' title='bbox 1324 4352 1336 4422; x_wconf 83' lang='grc' dir='ltr'>ΙΙ</span> <span class='ocrx_word' id='word_1_175' title='bbox 1348 4359 1363 4408; x_wconf 88' lang='lat'>8</span> <span class='ocrx_word' id='word_1_176' title='bbox 1377 4356 1495 4409; x_wconf 86' lang='lat' dir='ltr'>disserta</span> 
     </span>
     <span class='ocr_line' id='line_1_24' title="bbox 363 4433 1495 4508; baseline 0.005 -21"><span class='ocrx_word' id='word_1_177' title='bbox 363 4452 380 4488; x_wconf 83' lang='lat' dir='ltr'>a</span> <span class='ocrx_word' id='word_1_178' title='bbox 404 4433 417 4505; x_wconf 90' lang='grc' dir='ltr'>ΙΙ</span> <span class='ocrx_word' id='word_1_179' title='bbox 440 4439 565 4505; x_wconf 66' lang='lat' dir='ltr'>ingeniis</span> <span class='ocrx_word' id='word_1_180' title='bbox 581 4457 610 4504; x_wconf 81' lang='lat' dir='ltr'>p.</span> <span class='ocrx_word' id='word_1_181' title='bbox 635 4437 647 4507; x_wconf 75' lang='lat' dir='ltr'>ll</span> <span class='ocrx_word' id='word_1_182' title='bbox 668 4443 684 4491; x_wconf 88' lang='grc'><strong>8</strong></span> <span class='ocrx_word' id='word_1_183' title='bbox 702 4441 858 4490; x_wconf 87' lang='lat' dir='ltr'>tribuantur</span> <span class='ocrx_word' id='word_1_184' title='bbox 869 4439 976 4491; x_wconf 87' lang='lat' dir='ltr'>utiliter</span> <span class='ocrx_word' id='word_1_185' title='bbox 991 4457 1017 4506; x_wconf 64' lang='grc' dir='ltr'>θ.</span> <span class='ocrx_word' id='word_1_186' title='bbox 1041 4437 1053 4507; x_wconf 88' lang='grc' dir='ltr'>ΙΙ</span> <span class='ocrx_word' id='word_1_187' title='bbox 1077 4441 1109 4490; x_wconf 86' lang='grc'>14</span> <span class='ocrx_word' id='word_1_188' title='bbox 1125 4439 1274 4505; x_wconf 65' lang='lat' dir='ltr'>potnerunt</span> <span class='ocrx_word' id='word_1_189' title='bbox 1290 4458 1312 4492; x_wconf 85' lang='lat' dir='ltr'>o.</span> <span class='ocrx_word' id='word_1_190' title='bbox 1333 4438 1345 4508; x_wconf 76' lang='lat' dir='ltr'>ll</span> <span class='ocrx_word' id='word_1_191' title='bbox 1369 4434 1495 4505; x_wconf 80' lang='grc' dir='ltr'>19τάξιν</span> 
     </span>
     <span class='ocr_line' id='line_1_25' title="bbox 363 4520 1496 4593; baseline 0.007 -24"><span class='ocrx_word' id='word_1_192' title='bbox 363 4520 476 4575; x_wconf 75' lang='lat' dir='ltr'>Polenus:</span> <span class='ocrx_word' id='word_1_193' title='bbox 502 4539 535 4573; x_wconf 89' lang='lat' dir='ltr'>ac</span> <span class='ocrx_word' id='word_1_194' title='bbox 553 4539 603 4590; x_wconf 71' lang='lat' dir='ltr'>opp</span> <span class='ocrx_word' id='word_1_195' title='bbox 621 4524 833 4587; x_wconf 80' lang='lat' dir='ltr'>(ordinationem</span> <span class='ocrx_word' id='word_1_196' title='bbox 853 4540 886 4574; x_wconf 87' lang='lat' dir='ltr'>ae</span> <span class='ocrx_word' id='word_1_197' title='bbox 905 4522 1135 4590; x_wconf 82' lang='lat' dir='ltr'>dispositionem).</span> <span class='ocrx_word' id='word_1_198' title='bbox 1160 4521 1171 4592; x_wconf 77' lang='grc' dir='ltr'>Η</span> <span class='ocrx_word' id='word_1_199' title='bbox 1194 4523 1496 4593; x_wconf 72' lang='lat' dir='ltr'>diathesimopp.1120</span> 
     </span>
     <span class='ocr_line' id='line_1_26' title="bbox 363 4603 1494 4677; baseline 0.007 -24"><span class='ocrx_word' id='word_1_200' title='bbox 363 4609 395 4654; x_wconf 71' lang='lat' dir='ltr'>st:</span> <span class='ocrx_word' id='word_1_201' title='bbox 416 4621 448 4656; x_wconf 88' lang='lat' dir='ltr'>ac</span> <span class='ocrx_word' id='word_1_202' title='bbox 465 4622 491 4671; x_wconf 70' lang='lat' dir='ltr'>a.</span> <span class='ocrx_word' id='word_1_203' title='bbox 513 4603 526 4672; x_wconf 76' lang='lat' dir='ltr'>ll</span> <span class='ocrx_word' id='word_1_204' title='bbox 550 4608 722 4658; x_wconf 85' lang='lat' dir='ltr'>eurithmiam</span> <span class='ocrx_word' id='word_1_205' title='bbox 740 4626 767 4669; x_wconf 86' lang='lat' dir='ltr'>o,</span> <span class='ocrx_word' id='word_1_206' title='bbox 786 4609 862 4658; x_wconf 89' lang='lat' dir='ltr'>mian</span> <span class='ocrx_word' id='word_1_207' title='bbox 886 4607 945 4671; x_wconf 74' lang='lat' dir='ltr'>(stez</span> <span class='ocrx_word' id='word_1_208' title='bbox 969 4608 1093 4658; x_wconf 82' lang='lat' dir='ltr'>docorem</span> <span class='ocrx_word' id='word_1_209' title='bbox 1116 4609 1202 4674; x_wconf 84' lang='lat' dir='ltr'>mian)</span> <span class='ocrx_word' id='word_1_210' title='bbox 1223 4626 1267 4675; x_wconf 74' lang='lat' dir='ltr'>pp.</span> <span class='ocrx_word' id='word_1_211' title='bbox 1292 4606 1304 4677; x_wconf 84' lang='grc' dir='ltr'>ΙΙ</span> <span class='ocrx_word' id='word_1_212' title='bbox 1327 4609 1494 4661; x_wconf 87' lang='lat' dir='ltr'>modolorum</span> 
     </span>
     <span class='ocr_line' id='line_1_27' title="bbox 363 4686 1442 4762; baseline 0.006 -23"><span class='ocrx_word' id='word_1_213' title='bbox 363 4704 397 4753; x_wconf 72' lang='lat' dir='ltr'>sp.</span> <span class='ocrx_word' id='word_1_214' title='bbox 420 4686 432 4755; x_wconf 84' lang='grc' dir='ltr'>ΙΙ</span> <span class='ocrx_word' id='word_1_215' title='bbox 454 4693 632 4753; x_wconf 85' lang='lat' dir='ltr'>symmetrian</span> <span class='ocrx_word' id='word_1_216' title='bbox 648 4709 692 4757; x_wconf 73' lang='lat' dir='ltr'>pp,</span> <span class='ocrx_word' id='word_1_217' title='bbox 713 4693 796 4741; x_wconf 76' lang='lat' dir='ltr'>—tria</span> <span class='ocrx_word' id='word_1_218' title='bbox 814 4710 836 4742; x_wconf 85' lang='grc' dir='ltr'>υ.</span> <span class='ocrx_word' id='word_1_219' title='bbox 862 4690 873 4758; x_wconf 80' lang='grc' dir='ltr'>ΙΙ</span> <span class='ocrx_word' id='word_1_220' title='bbox 896 4697 925 4743; x_wconf 81' lang='lat'>21</span> <span class='ocrx_word' id='word_1_221' title='bbox 947 4694 1124 4744; x_wconf 81' lang='lat' dir='ltr'>oeconomiae</span> <span class='ocrx_word' id='word_1_222' title='bbox 1142 4712 1164 4753; x_wconf 85' lang='lat' dir='ltr'>v,</span> <span class='ocrx_word' id='word_1_223' title='bbox 1184 4694 1383 4747; x_wconf 86' lang='lat' dir='ltr'>oechonomian</span> <span class='ocrx_word' id='word_1_224' title='bbox 1398 4712 1442 4762; x_wconf 75' lang='lat' dir='ltr'>pp.</span> 
     </span>
    </p>
   </div>
   <div class='ocr_carea' id='block_1_3' title="bbox 0 0 1996 5825">
    <p class='ocr_par' dir='ltr' id='par_1_4' title="bbox 0 0 1996 5825">
     <span class='ocr_line' id='line_1_28' title="bbox 0 0 1996 5825; baseline 0 1"><span class='ocrx_word' id='word_1_225' title='bbox 0 0 1996 5825; x_wconf 95' lang='lat' dir='ltr'> </span> 
     </span>
    </p>
   </div>
  </div>
 </body>
</html>
