3984 5825
646 639 693 685 ns
716 637 983 686 eacurrucruas
1007 638 1076 685 nm.
1099 638 1146 684 rx.
1404 622 1467 685 223

320 793 440 857 deatur
469 814 640 878 exponam.
686 792 754 856 cius
782 790 866 854 radii
895 792 929 854 in
956 790 1078 853 munde
1111 791 1160 854 nti
1187 791 1308 874 trigeni
1336 790 1469 877 paribus

320 892 482 958 lateribus
505 892 609 957 forma
630 891 862 957 lineationibus
884 891 1113 956 extenduntur.
1146 890 1181 954 id
1196 900 1305 954 autem
1321 913 1381 954 nec
1396 888 1469 977 plus

320 1015 383 1058 nec
405 994 515 1057 minus
539 1004 588 1058 cst
610 991 653 1057 ad
675 995 826 1079 quintum
848 993 890 1057 ab
915 1015 952 1057 ee
976 994 1115 1077 signum.
1153 994 1253 1077 igitur
1269 993 1297 1057 si
1312 991 1397 1056 radii
1413 1013 1470 1078 per

319 1117 450 1160 emnem
473 1094 631 1159 mundum
654 1094 719 1159 fusi
742 1094 1008 1159 circinationibus
1023 1103 1222 1178 vagarentur
1236 1114 1342 1180 neque
1358 1103 1469 1158 exten-

319 1195 469 1262 tionibus
498 1198 638 1283 perreeti
672 1196 715 1259 ad
744 1196 864 1280 trigeni
898 1195 1036 1260 formam
1070 1194 1282 1278 linearentur,
1318 1196 1503 1282 prepierae

319 1298 511 1383 flagrarent.
556 1298 592 1362 id
606 1307 716 1361 autem
733 1298 831 1361 ctiam
847 1295 1024 1383 Euripides
1042 1296 1241 1361 Graecorum
1257 1306 1353 1383 pecta
1367 1296 1469 1360 anim-

321 1400 510 1465 advertisse
532 1397 675 1464 videtur.
720 1400 767 1463 ait
789 1398 876 1462 enim
898 1408 982 1484 quae
997 1396 1126 1483 longius
1141 1420 1161 1462 a
1176 1397 1244 1463 sele
1260 1408 1369 1462 essent
1391 1397 1470 1461 baec

321 1501 549 1566 vehementius
576 1499 709 1583 ardere,
744 1500 896 1588 propiora
923 1521 1002 1564 vere
1031 1521 1104 1564 eum
1132 1509 1312 1588 temperata
1339 1499 1469 1564 babere.

321 1604 435 1689 itaque
468 1601 584 1667 scribit
617 1603 651 1667 in
685 1601 798 1666 fabula
830 1600 1034 1666 Phaethonte
1068 1603 1115 1666 sic
1149 1625 1236 1666 καιει
1268 1625 1309 1665 rec
1343 1622 1469 1684 aeeon,

270 1722 302 1770 14
321 1709 497 1785 ταγγυθεν
520 1699 552 1767 d'
577 1700 714 1787 avxeev'
740 1726 815 1787 εχει.
862 1704 890 1766 si
918 1725 995 1788 ergo
1025 1725 1077 1767 rcs
1105 1713 1138 1767 et
1164 1706 1248 1768 ratio
1273 1713 1303 1767 et
1324 1704 1469 1768 testimo·
1490 1718 1521 1768 10

322 1805 416 1868 nium
444 1813 559 1892 poetae
593 1805 715 1869 veteris
738 1804 772 1869 id
796 1806 955 1887 ostendit,
989 1827 1055 1868 nen
1081 1815 1160 1891 pute
1193 1803 1289 1868 aliter
1322 1813 1470 1892 opertere
1572 1807 1578 1818 '

323 1906 464 1970 iudicari
496 1905 561 1971 nisi
595 1905 869 1992 quemadmodum
902 1905 944 1969 de
972 1928 1011 1969 ca
1039 1927 1075 1970 re
1102 1929 1200 1995 supra
1227 1907 1385 1993 seriptum
1413 1906 1469 1970 be·

323 2006 451 2071 bemus.

410 2108 501 2172 Ievis
530 2119 639 2174 autem
667 2111 753 2175 inter
774 2109 891 2174 Martis
914 2118 946 2173 ct
969 2110 1102 2176 Satumi
1131 2109 1376 2174 circinationem
1399 2130 1469 2172 eur-

325 2231 399 2274 rens
422 2211 578 2276 maiorem
600 2233 698 2298 quam
720 2210 819 2293 Mars,
842 2212 1000 2274 minorem
1022 2233 1119 2297 quam
1142 2210 1300 2276 Saturnus
1322 2208 1470 2296 pervolat
1490 2225 1520 2274 le

325 2334 466 2376 cursum.
511 2313 589 2376 item
612 2310 756 2399 reliquae
779 2311 893 2376 stellae
921 2335 984 2399 quo
1013 2315 1135 2378 maiore
1157 2313 1276 2377 absunt
1298 2314 1405 2399 spatie
1428 2310 1469 2374 ab

325 2424 472 2477 extreme
506 2412 595 2478 caele
628 2436 887 2502 proxumamque
920 2414 1042 2479 babent
1074 2424 1181 2478 terrae
1214 2415 1469 2493 circinationem,

324 2512 462 2579 celerius
491 2517 665 2601 pervagari
693 2517 863 2596 videntur,
899 2514 985 2601 quod
1016 2538 1239 2604 quaecumque
1271 2538 1381 2580 carum
1410 2515 1469 2578 mi-

322 2638 435 2681 norem
464 2616 707 2682 circinationem
735 2640 895 2706 peragens
925 2618 1054 2704 saepius
1083 2616 1215 2681 subiens
1238 2618 1395 2704 praeterit
1417 2639 1469 2680 su·

274 2737 304 2786 15
322 2719 496 2804 perierem.
540 2719 816 2806 quemadmodum
839 2721 867 2783 si
889 2719 924 2781 in
945 2729 1018 2784 rota
1051 2741 1116 2803 qua
1142 2717 1234 2803 figuli
1263 2726 1400 2782 utuntur
1421 2719 1468 2780 in·
1488 2735 1520 2782 ae

322 2820 453 2906 positae
481 2819 603 2885 fuerint
630 2831 755 2908 septem
784 2822 939 2884 folmieae
966 2818 1159 2904 canalesque
1181 2819 1319 2883 tetidem
1341 2819 1376 2880 in
1398 2827 1469 2882 rota

321 2922 404 2987 faeti
433 2923 500 2987 sint
528 2924 650 2988 circum
683 2933 831 2988 centrum
859 2925 924 2987 imo
951 2921 1177 2986 adcrescentes
1205 2921 1248 2985 ad
1276 2930 1467 3001 extremum,

321 3024 358 3088 in
387 3024 506 3110 quibus
534 3023 596 3089 hae
628 3035 787 3110 cogantur
820 3025 1065 3089 circinationem
1097 3024 1220 3106 facere,
1253 3032 1468 3109 verseturque

320 3126 452 3190 retain
474 3124 610 3191 alteram
632 3136 773 3214 partem,
797 3148 930 3191 neeesse
953 3127 1014 3190 crit
1036 3148 1091 3190 eas
1114 3134 1226 3189 contra
1247 3134 1337 3189 rotae
1358 3144 1467 3186 versa-

321 3227 447 3291 tionem
469 3226 681 3294 nibileminus
703 3228 860 3293 adversus
884 3230 1002 3292 itinera
1024 3226 1178 3314 perficere
1201 3235 1232 3290 et
1255 3247 1336 3311 quae
1357 3224 1467 3312 proxi·
1486 3241 1519 3290 ae

321 3401 552 3410 -—-—-——.

392 3505 408 3551 2
427 3503 561 3554 lateribus
575 3504 636 3555 EG:
654 3503 843 3569 lateribusque
862 3505 891 3554 H
902 3502 1021 3568 (echte).
1039 3498 1050 3569 ll
1068 3502 1235 3554 immadem:
1255 3502 1360 3554 termae
1380 3500 1468 3569 (ητις

322 3588 356 3650 G,
378 3603 453 3638 —me
471 3587 507 3654 E)
524 3588 611 3641 EGH.
625 3584 638 3654 ΙΙ
660 3588 851 3639 liniationibus
869 3588 954 3638 EGH.
969 3582 981 3654 ll
996 3590 1012 3638 3
1026 3587 1149 3652 quintum
1160 3587 1229 3642 Jee:
1250 3588 1344 3652 quinta
1357 3587 1443 3638 EGH.
1455 3586 1467 3654 ll

320 3670 432 3737 signum
450 3672 547 3722 Rebar:
572 3672 653 3738 signe
677 3672 761 3723 EGH.
784 3668 797 3739 [Ι
819 3676 835 3723 ὃ
857 3672 1023 3722 liniarentur
1042 3672 1094 3722 GH
1110 3670 1192 3738 (Lte),
1216 3671 1378 3723 limarentur
1401 3672 1433 3722 E.
1464 3673 1466 3736 ξ

320 3756 455 3821 propiora
477 3757 582 3808 H0th:
612 3758 756 3823 propriora
785 3756 863 3807 EGH
884 3754 929 3820 (c).
952 3751 964 3821 Η
994 3759 1010 3807 8
1033 3757 1130 3807 ardere
1152 3772 1199 3809 om.
1225 3755 1325 3819 G(n0n
1348 3757 1397 3820 H),
1421 3759 1470 3806 sed

319 3844 409 3905 suppl.
430 3841 472 3891 (1¹⁶.
496 3836 508 3908 ΙΙ
530 3841 660 3907 propiora
677 3842 752 3891 an:
783 3842 926 3907 propriora
945 3841 1023 3892 EGH
1040 3841 1161 3906 (propria
1179 3841 1222 3904 le).
1246 3837 1258 3907 ll
1285 3845 1300 3891 9
1319 3841 1467 3905 phaetonte

322 3926 354 3975 H
373 3923 538 3990 (phetontae
551 3926 582 3984 L,
602 3925 753 3991 phaetonte
771 3925 816 3992 le),
836 3926 965 3990 phetonte
984 3923 1056 3990 (-tq
1071 3926 1102 3988 G)
1121 3925 1178 3977 EG.
1199 3921 1211 3990 ll
1232 3938 1466 3975 uaremarremw·

320 4023 700 4075 rauryrnarareyxraraexer
724 4011 802 4061 EGH
830 4009 891 4074 (nist
911 4012 981 4077 qued
1002 4026 1017 4059 a
1041 4025 1090 4074 pre
1119 4025 1256 4074 asemper
1278 4007 1354 4058 tebet
1393 4008 1466 4069 ἐρ,

319 4097 402 4145 semel
420 4095 441 4146 G
458 4110 574 4146 amorra
592 4132 599 4147 .
614 4134 620 4146 .
634 4133 658 4156 .‚
677 4102 703 4146 et
719 4098 788 4162 qaod
810 4097 927 4168 dipridtaa
945 4097 992 4145 tie.
1011 4091 1039 4145 Π
1056 4081 1157 4158 partes}
1181 4108 1246 4158 quac
1267 4099 1358 4156 postea
1379 4093 1467 4155 saetae

319 4185 381 4230 eunt
402 4179 457 4239 ΤΡ,
476 4183 570 4232 clarius
587 4187 711 4231 monstrat
728 4181 758 4230 H
774 4181 824 4230 ric:
852 4177 911 4243 ll').
938 4181 1004 4230 unde
1024 4168 1139 4243 sriaeer'
1167 4178 1238 4239 Jee,
1266 4165 1413 4241 τάγγύθεν
1436 4166 1463 4227 δ’

325 4259 492 4331 γαὶοΙεεηκΙΙ
520 4267 552 4316 14
574 4265 783 4316 circinationem
806 4265 867 4315 EG:
896 4264 1067 4315 circitienem
1096 4263 1124 4311 H
1147 4262 1194 4325 (L,
1218 4261 1366 4312 circienem
1388 4261 1431 4323 le).
1453 4261 1465 4325 {l

322 4351 356 4401 17
375 4364 536 4415 proxumam
555 4351 584 4402 H
601 4348 659 4416 (L).
678 4346 690 4417 ll
706 4350 916 4400 circinationem
929 4349 990 4399 EG:
1011 4347 1178 4398 circitienem
1198 4347 1226 4396 H
1245 4346 1288 4408 (h,
1306 4348 1353 4396 sed
1371 4345 1467 4396 circui·

320 4434 427 4485 tionem
446 4434 487 4485 bic
503 4435 553 4494 Is,
577 4435 725 4486 circienem
742 4435 787 4497 le).
813 4431 825 4500 ll
855 4436 886 4484 18
905 4434 1022 4484 celerius
1044 4430 1172 4482 videntur
1194 4430 1272 4480 EGII
1294 4428 1466 4495 (percurrere

320 4522 370 4570 tm.
387 4520 460 4579 lec„
482 4519 632 4585 pervagari
653 4535 700 4584 epo
722 4526 749 4569 at
766 4536 793 4583 p.
811 4522 877 4581 224,
896 4517 932 4581 1).
955 4515 966 4582 ΙΙ
990 4517 1156 4567 assumed:
1180 4530 1271 4565 sorum
1289 4515 1375 4565 EGH.
1400 4512 1412 4581 ll
1434 4519 1467 4566 22

320 4604 376 4655 ime
393 4620 442 4670 epo
462 4603 580 4667 (abimo
599 4603 701 4665 Sela-l:
720 4604 821 4654 inimo
840 4604 925 4656 EGH.
948 4598 960 4667 l}
982 4603 1016 4651 25
1037 4600 1214 4650 nibilominus
1237 4599 1285 4649 EG
1307 4598 1366 4663 (ωε
1397 4600 1466 4653 nihil

321 4689 412 4740 minus
434 4689 465 4738 H
487 4686 541 4754 (Ie).
566 4684 578 4756 ΙΙ
601 4687 748 4739 adversus:
764 4691 803 4740 aie
822 4687 908 4738 ΕΘΗ.
