3984 5825
730 679 793 743 ‚nn
816 677 1084 727 assumserunt
1113 681 1182 727 mn.
1207 682 1244 728 11.
1528 669 1568 733 37

403 835 544 898 ciorum
567 833 633 896 sint
655 833 824 896 institutae
847 840 879 897 et
908 832 1026 918 quibus
1049 834 1230 898 rationibus
1255 837 1415 900 enutritae
1438 846 1469 901 et
1492 861 1565 924 pro-

382 952 397 999 9
415 956 551 1020 gressae
568 935 634 997 sint
649 933 812 1018 gradatim
826 934 869 996 ad
884 933 968 997 hanc
983 932 1172 999 finitionem.
1204 958 1280 1021 ergo
1302 939 1349 1002 ita
1371 960 1429 1002 suo
1451 939 1565 1003 ordine

415 1047 448 1101 et
471 1035 541 1102 loco
563 1035 660 1098 huius
684 1036 745 1099 crit
767 1034 943 1100 voluminis
959 1037 1159 1101 constitutio.

501 1137 597 1202 Nunc
623 1146 769 1201 revertar
795 1137 838 1199 ad
866 1137 1068 1224 propositum
1096 1147 1128 1202 et
1157 1137 1199 1201 de
1227 1140 1329 1227 copiis
1359 1163 1441 1227 quae
1468 1150 1564 1229 aptae

415 1248 493 1304 sunt
520 1238 742 1303 aedificiorum
775 1238 1046 1326 perfectionibus,
1082 1240 1356 1326 quemadmodum
1389 1242 1597 1306 videanture

415 1363 488 1406 esse
502 1340 545 1405 ab
559 1351 676 1405 natura
697 1361 805 1404 rerum
827 1349 1016 1426 procreatae
1039 1340 1222 1428 quibusque
1244 1343 1459 1408 mixtionibus
1475 1346 1562 1432 prin-

414 1443 576 1530 cipiorum
598 1463 790 1526 congressus
813 1451 1052 1528 temperentur,
1081 1463 1123 1505 ne
1150 1442 1288 1508 obscura
1311 1443 1368 1508 sed
1391 1448 1564 1532 perspicua

413 1543 600 1629 legentibus
623 1545 689 1607 sint
715 1542 945 1607 ratiocinabor.
989 1565 1129 1629 namque
1157 1543 1247 1608 nulla
1275 1548 1484 1610 materiarum
1507 1570 1561 1632 ge-

413 1667 493 1708 nera
520 1667 625 1731 neque
653 1666 788 1731 corpora
814 1666 920 1730 neque
946 1666 998 1708 res
1027 1646 1097 1708 sine
1125 1646 1360 1733 principiorum
1388 1656 1484 1712 coetu
1505 1671 1560 1711 na-

413 1748 463 1811 sci
496 1768 602 1832 neque
638 1746 745 1809 subici
781 1745 961 1810 intellectui
992 1756 1145 1833 possunt,
1178 1768 1283 1832 neque
1316 1746 1411 1813 aliter
1443 1758 1560 1813 natura
1581 1765 1612 1813 10

411 1871 523 1912 rerum
551 1848 734 1934 praeceptis
761 1847 973 1934 physicorum
1002 1869 1096 1911 veras
1124 1848 1248 1935 patitur
1274 1848 1560 1937 habereexplica·

412 1951 536 2033 tiones,
565 1950 630 2012 nisi
657 1969 775 2012 causae
800 1970 882 2033 quae
903 1951 1015 2012 insunt
1037 1950 1072 2011 in
1094 1948 1145 2012 his
1168 1948 1265 2013 rebus
1289 1951 1581 2036 quemadmodum·

413 2063 446 2116 et
481 2050 560 2138 quid
593 2052 639 2115 ita
672 2051 738 2114 sint
771 2048 947 2114 subtilibus
979 2050 1160 2116 rationibus
1190 2049 1332 2116 habeant
1360 2053 1559 2118 demonstra-

412 2156 531 2218 tiones.

378 2271 391 2317 1
498 2253 618 2318 Thales
633 2255 774 2340 primum
788 2276 906 2339 aquam
928 2256 1058 2340 putavit
1081 2257 1224 2318 omnium
1246 2277 1355 2319 rerum
1378 2278 1450 2321 esse
1472 2258 1560 2344 prin·
1579 2273 1607 2323 11

411 2357 546 2444 eipium.
584 2355 770 2420 Heraclitus
787 2355 967 2441 Ephesius,
991 2357 1048 2442 qui
1071 2366 1203 2444 propter
1226 2356 1457 2422 obscuritatem
1480 2359 1610 2424 scri-16

411 2468 543 2545 ptorum
569 2481 589 2521 a
612 2456 749 2522 Graecis
777 2466 1026 2533 caeteteros-est
1047 2456 1247 2544 appellatus,
1276 2460 1397 2544 ignem.
1441 2460 1560 2524 Demo·

413 2561 514 2625 oritus
538 2561 659 2646 quique
681 2566 730 2624 est
753 2579 826 2623 eum
849 2569 977 2623 secutus
1000 2558 1164 2645 Epicurus
1186 2569 1326 2644 atomos,
1355 2583 1435 2647 quas
1457 2565 1560 2626 nostri

412 2661 604 2725 insecabilia
619 2683 764 2746 corpora,
787 2658 935 2724 nonnulli
957 2660 1133 2727 individua
1155 2662 1392 2727 vocitaverunt.
1436 2662 1557 2750 Pytha-

411 2785 584 2849 goreorum
613 2784 690 2825 vero
720 2760 896 2848 disciplina
922 2762 1043 2826 adiecit
1071 2760 1113 2824 ad
1139 2784 1257 2848 aquam
1285 2773 1317 2827 et
1344 2764 1454 2848 ignem
1482 2786 1558 2828 aera
1576 2787 1608 2833 ao

412 2876 444 2931 et
467 2875 641 2930 terrenum.
686 2885 763 2949 ergo
785 2862 993 2928 Democritus
1017 2865 1079 2927 etsi
1100 2885 1165 2926 non
1186 2866 1317 2951 proprie
1339 2886 1391 2929 ros
1414 2868 1558 2931 nomina-

408 2970 463 3031 ·vit
491 2967 550 3031 sed
583 2975 709 3031 tantum
737 2964 909 3028 individua
942 2986 1076 3051 corpora
1104 2967 1288 3052 proposuit,
1318 2964 1392 3030 ideo
1421 2987 1459 3028 ea
1486 2968 1558 3053 ipsa

412 3068 539 3133 dixisse
570 3068 701 3132 videtur
738 3065 824 3153 quod
853 3088 890 3129 ca
918 3088 991 3129 cum
1023 3067 1088 3129 sint
1117 3065 1280 3130 disiuncta
1302 3088 1362 3129 nec
1385 3066 1558 3132 laeduntur

411 3193 472 3235 nec
505 3170 725 3234 interitionem
758 3170 920 3255 recipiunt
951 3189 1012 3231 nec
1045 3167 1245 3232 sectionibus
1273 3166 1465 3232 dividuntur
1499 3169 1557 3233 sed

412 3273 609 3358 sempiterno
624 3293 705 3335 aevo
721 3279 878 3358 perpetuo
894 3269 1055 3356 infinitam
1069 3269 1212 3333 retinent
1233 3271 1269 3333 in
1290 3291 1325 3333 se
1347 3268 1554 3335 soliditatem.
1574 3294 1606 3339 ‘25

378 3385 453 3436 aex
487 3372 540 3436 his
575 3394 651 3456 ergo
685 3371 938 3457 congruentibus
966 3393 1039 3437 cum
1065 3392 1116 3435 res
1148 3393 1258 3435 omnes
1288 3373 1374 3436 coire
1403 3374 1557 3459 nascique

411 3475 587 3539 videantur
614 3483 645 3538 et
673 3496 730 3536 eae
758 3475 793 3536 in
819 3473 955 3537 infinitis
977 3472 1152 3558 generibus
1175 3494 1284 3537 rerum
1306 3483 1422 3537 natura
1446 3485 1556 3540 essent

412 3576 614 3663 disparatae,
641 3577 756 3661 putavi
783 3584 932 3659 oportere
955 3573 996 3636 de
1018 3572 1232 3638 varietatibus
1256 3584 1288 3638 et
1310 3574 1555 3641 discriminibus

410 3701 488 3742 usus
506 3699 615 3740 earum
631 3697 773 3763 quasque
788 3674 945 3739 haberent
960 3677 995 3739 in
1010 3674 1168 3739 aedificiis
1185 3674 1358 3761 qualitates
1381 3698 1555 3764 exponere,

410 3781 460 3843 uti
490 3801 563 3843 cum
589 3778 711 3842 fuerint
738 3786 849 3859 notae,
878 3800 942 3841 non
971 3776 1112 3840 habeant
1135 3778 1191 3862 qui
1212 3775 1388 3841 aedificare
1411 3781 1556 3864 cogitant
1572 3802 1606 3849 30

412 3902 563 3963 errorem,
586 3879 645 3944 sed
667 3888 760 3965 aptas
782 3878 825 3942 ad
847 3901 942 3942 usum
965 3878 1076 3963 copias
1098 3877 1257 3942 aedificiis
1281 3891 1479 3965 comparent.

381 3992 393 4038 1
496 3981 612 4067 Itaque
645 3981 786 4066 primum
819 3978 859 4042 de
891 3978 1068 4062 lateribus,
1103 4001 1166 4070 qua
1199 3978 1241 4042 de
1274 3988 1360 4043 terra
1392 3979 1467 4043 duci
1500 4002 1614 4051 eos111

481 4206 571 4254 lsint
592 4206 662 4256 Jocz
692 4207 755 4253 sunt
779 4203 835 4252 GH.
863 4200 875 4269 l}
902 4204 918 4252 5
941 4202 996 4251 sint
1024 4210 1083 4252 ante
1106 4217 1175 4255 corr.
1194 4203 1230 4253 H.
1260 4198 1272 4268 ΙΙ
1298 4204 1366 4251 'ine
1392 4202 1425 4251 G:
1450 4216 1502 4250 nec
1524 4202 1553 4250 H

411 4288 491 4350 (Lle).
517 4284 529 4353 ll
554 4292 583 4337 11
603 4290 790 4353 phrysicorum
810 4286 869 4351 (sie)
889 4290 923 4336 H.
947 4284 959 4352 ll
984 4287 1015 4336 15
1033 4287 1116 4336 Tales
1137 4288 1194 4339 GH.
1219 4284 1231 4351 ll
1260 4289 1290 4335 17
1309 4286 1431 4336 scotinos
1456 4286 1514 4334 GH.
1539 4283 1549 4350 ll

413 4375 442 4422 18
461 4388 569 4438 qnoque
590 4373 632 4423 6⁶.
649 4370 661 4438 ll
682 4387 765 4435 quas:
785 4388 852 4437 qnos
872 4372 930 4420 GH.
951 4367 963 4436 Ι]
987 4373 1018 4420 19
1037 4371 1267 4436 pythagoreorum
1287 4371 1322 4421 6⁶
1340 4370 1403 4434 (h⁶):
1423 4370 1552 4434 pythare·

412 4459 459 4506 orr’r
477 4459 506 4514 G,
524 4457 635 4521 pythari
653 4471 744 4507 eorum
763 4458 791 4505 H
807 4456 848 4519 (lc,
867 4454 1056 4534 phitariveorir
1080 4454 1123 4518 L).
1145 4451 1157 4520 Ι]
1181 4458 1214 4504 20
1233 4452 1424 4518 etl-{ignem
1443 4454 1550 4516 Μάκα-

411 4558 454 4608 bus
471 4560 564 4607 litteris
577 4561 710 4606 —1n?-
723 4575 739 4606 a
753 4558 788 4608 60
804 4556 906 4620 nasu).
930 4554 942 4621 ll
965 4560 997 4605 23
1016 4572 1067 4605 nec
1086 4555 1230 4604 laeduntur
1247 4556 1312 4609 Phil.
1333 4552 1423 4618 (reoli
1443 4569 1493 4604 nec
1511 4555 1550 4605 le·

412 4647 512 4704 guntur
531 4642 581 4691 GH
600 4639 667 4703 (lde,
685 4641 870 4706 negleguntur
890 4640 943 4701 G0).
963 4637 975 4705 ll
997 4642 1030 4688 27
1050 4653 1117 4687 aeae
1136 4646 1195 4702 onte
1213 4656 1282 4691 corr.
1302 4640 1341 4687 II:
1361 4638 1414 4688 hae
1435 4640 1475 4687 110
1494 4636 1549 4705 (L),

412 4723 445 4792 ho
465 4726 485 4775 G
501 4724 559 4804 lle).
583 4722 594 4791 ΙΙ
618 4728 650 4776 29
669 4741 778 4780 eratum
798 4723 897 4791 (priore
917 4740 929 4773 r
947 4722 1042 4787 deleto)
1062 4724 1098 4776 Il.
1122 4718 1133 4789 ΙΙ
1157 4726 1189 4774 32
1208 4733 1288 4792 qua}
1305 4739 1358 4775 cum
1376 4740 1428 4781 ros,
1448 4724 1484 4777 H.
