3984 5825
705 657 752 705 ns
775 657 1043 708 sncfflrucruus
1067 661 1134 707 nm.
1159 663 1190 708 v.
1464 651 1522 715 lov

375 809 586 897 angularibus
609 819 696 893 octo,
721 833 764 875 ex
784 811 886 876 altera
913 822 1006 900 parte
1029 836 1102 878 cum
1125 814 1337 900 angularibus
1367 835 1418 900 V1,
1447 817 1522 883 ideo

375 912 463 1000 quod
484 910 613 976 mediae
635 911 720 976 duae
741 915 776 977 in
799 936 836 977 ea
858 924 951 1001 parte
972 938 1038 980 non
1060 924 1135 979 sunt
1156 918 1282 1002 positae
1297 939 1337 980 ne
1352 919 1522 1005 inpediant

374 1024 527 1101 aspectus
549 1014 663 1101 pronai
685 1014 776 1078 aedis
799 1017 953 1101 Augusti,
978 1038 1061 1103 quae
1084 1018 1189 1081 estin
1211 1018 1318 1083 medio
1341 1018 1442 1084 latere
1465 1045 1520 1107 pa-

373 1118 465 1182 rietis
494 1114 650 1180 basilicae
677 1116 845 1182 conlocata
872 1127 1022 1206 spectans
1052 1119 1197 1183 medium
1225 1120 1331 1184 forum
1355 1131 1386 1184 et
1408 1122 1521 1186 aedem

337 1219 477 1286 810vis.
522 1219 601 1282 item
628 1217 773 1283 tribunal
801 1218 887 1304 quod
918 1230 967 1283 est
989 1221 1024 1283 in
1046 1241 1084 1284 ea
1107 1221 1198 1305 aede,
1221 1221 1408 1307 hemicyclii
1431 1225 1519 1288 sobe·
1540 1242 1555 1289 5

374 1321 471 1385 matis
500 1321 634 1386 minoris
662 1329 838 1384 curvatura
867 1331 915 1385 est
943 1322 1127 1386 formatum.
1184 1325 1253 1386 eius
1282 1334 1391 1388 autem
1418 1325 1519 1389 homi-

375 1421 474 1510 cyclii
493 1423 528 1485 in
548 1421 656 1486 fronte
677 1432 727 1487 est
747 1422 957 1487 intervallum
972 1423 1094 1509 pedum
1113 1443 1208 1506 xnvl,
1230 1427 1389 1490 introrsus
1405 1449 1519 1491 curva-

374 1535 449 1589 tura
464 1523 586 1612 pedum
606 1542 664 1606 xv,
687 1526 736 1588 uti
757 1526 814 1611 qui
834 1526 923 1612 apud
945 1526 1156 1610 magistratus
1178 1535 1302 1590 starent
1316 1529 1520 1613 negotiantes

373 1629 409 1691 in
430 1625 570 1691 basilica
598 1648 639 1689 ne
666 1626 862 1713 inpedirent.
907 1649 1005 1713 supra
1033 1627 1198 1691 columnas
1228 1649 1271 1692 ex
1292 1628 1396 1693 tribus
1420 1631 1520 1715 tignis

373 1726 585 1816 bipedalibus
615 1728 792 1815 compactis
819 1727 927 1792 trabes
956 1737 1033 1794 sunt
1060 1729 1145 1792 circa
1167 1728 1370 1815 conlocatae,
1399 1753 1520 1819 eaeque
1542 1752 1572 1797 ιο

373 1829 416 1895 ab
439 1830 543 1894 tertiis
566 1827 724 1894 columnis
747 1852 829 1916 quae
852 1831 983 1895 suntin
1012 1830 1165 1895 interiore
1185 1841 1289 1917 parte,
1312 1844 1522 1898 revertuntur

373 1931 417 1996 ad
444 1940 538 1996 antas
567 1952 649 2018 quae
677 1953 696 1994 a
724 1953 846 2018 pronao
879 1941 1075 2021 procurrunt
1113 1932 1293 2018 dextraque
1328 1944 1359 1997 et
1387 1937 1521 2000 sinistra

339 2030 606 2120 shemicyclium
633 2042 780 2119 tangunt.
826 2056 924 2121 supra
951 2033 1061 2098 trabes
1091 2041 1202 2098 contra
1227 2034 1370 2122 capitula
1393 2058 1434 2100 ex
1457 2037 1518 2100 ful-

373 2135 493 2198 mentis
516 2133 694 2221 dispositae
715 2134 802 2221 pilae
824 2146 900 2199 sunt
922 2135 1109 2200 conlocatae
1131 2134 1216 2199 altae
1238 2136 1338 2223 pedes
1361 2156 1413 2220 111,
1437 2138 1521 2201 latae

375 2257 619 2324 quoqueversus
655 2246 838 2321 quaternos.
888 2259 986 2325 supra
1020 2259 1074 2301 eas
1107 2259 1150 2300 ex
1178 2237 1306 2302 duobus
1339 2240 1439 2324 tignis
1468 2240 1518 2304 bi·
1540 2257 1571 2305 15

372 2335 547 2426 pedalibus
574 2337 684 2403 trabes
712 2360 912 2424 euerganeae
943 2341 1030 2402 circa
1057 2349 1132 2403 sunt
1160 2327 1368 2404 conlocataes
1401 2342 1519 2428 quibus

373 2443 509 2528 iusuper
535 2448 678 2504 transtra
705 2462 779 2505 cum
806 2440 965 2528 capreolis
994 2439 1218 2504 columnarum
1247 2450 1359 2506 contra
1386 2465 1521 2531 corpora

375 2551 408 2606 et
427 2550 521 2606 antas
545 2550 577 2605 et
597 2544 738 2629 parietes
761 2545 875 2628 pronai
898 2541 1065 2607 conlocata
1087 2545 1249 2608 sustinent
1270 2566 1371 2607 unum
1394 2545 1519 2610 culmen

374 2652 550 2733 perpetuae
571 2642 743 2725 basilicae,
772 2642 911 2708 alterum
932 2666 952 2706 a
974 2643 1083 2708 modio
1105 2667 1204 2731 supra
1231 2667 1390 2732 pronaum
1418 2648 1519 2711 aedis.

323 2766 355 2814 10
374 2748 423 2811 ita
443 2744 651 2830 fastigiorum
673 2743 796 2833 duplex
823 2747 989 2831 pectinata
1018 2745 1188 2831 dispositio
1217 2749 1418 2812 extrinsecus
1441 2751 1519 2813 tecti
1538 2767 1571 2814 ro

374 2856 408 2910 et
429 2847 594 2910 interioris
616 2846 702 2911 altae
717 2848 892 2911 testudinis
907 2855 1052 2934 praestat
1067 2848 1208 2933 speciem
1223 2859 1404 2913 venustam.
1442 2853 1520 2915 item

375 2937 505 3014 sublata
528 2947 755 3036 epistyliorum
778 2958 967 3013 ornamenta
988 2958 1019 3012 et
1034 2947 1219 3036 pluteorum
1235 2948 1520 3039 columnarumque

374 3052 578 3138 superiorum
600 3050 789 3116 distributio
812 3072 982 3139 operosam
1004 3049 1146 3113 detrahit
1160 3047 1341 3114 molestiam
1357 3064 1519 3138 sumptus-

375 3175 439 3239 que
461 3153 616 3216 inminuit
637 3174 680 3216 ex
701 3174 820 3238 magna
834 3162 928 3240 parte
943 3173 1114 3216 summam.
1150 3153 1241 3240 ipsae
1257 3174 1334 3216 vero
1351 3153 1519 3217 columnae

373 3257 409 3318 in
435 3252 610 3318 altitudine
643 3263 800 3341 perpetua
836 3253 897 3318 sub
930 3254 1039 3317 trabes
1076 3254 1250 3318 testudinis
1283 3254 1460 3342 perductae
1488 3268 1519 3319 et
1538 3273 1570 3320 25

372 3356 649 3441 magnificentiam
676 3356 833 3442 inpensae
862 3365 894 3419 et
922 3356 1149 3419 auctoritatem
1171 3357 1260 3442 operi
1283 3356 1447 3441 adaugere
1470 3359 1518 3421 vi-

374 3458 503 3523 dentur.

339 3582 354 3629 1
458 3559 647 3643 Aerarium,
672 3582 798 3643 carcer,
822 3560 912 3624 curia
934 3559 1004 3624 foro
1027 3568 1103 3623 sunt
1125 3560 1367 3646 coniungenda,
1391 3561 1449 3625 sed
1471 3563 1517 3626 ita
1535 3576 1562 3625 11

442 3751 514 3801 tvl
531 3751 561 3801 H
578 3747 638 3816 (L):
658 3766 707 3802 sex
726 3751 756 3802 G.
779 3748 791 3817 ΙΙ
814 3749 919 3815 liquori
943 3749 996 3799 GH
1013 3748 1071 3813 (LI,
1094 3764 1165 3814 quae
1187 3749 1238 3814 cl).
1261 3747 1274 3817 ΙΙ
1295 3751 1444 3817 hemicycli
1469 3753 1519 3803 GH

374 3832 445 3897 (item
456 3851 479 3885 o.
493 3831 528 3900 6).
546 3831 558 3901 ΙΙ
573 3836 706 3887 scematis
726 3835 784 3886 GH.
801 3831 814 3904 ΙΙ
830 3838 845 3885 6
858 3837 1007 3885 curvatura
1021 3834 1072 3885 GH
1089 3832 1131 3898 (L,
1146 3838 1311 3886 curvaturae
1323 3841 1404 3891 t-rae
1419 3839 1436 3899 l,
1454 3853 1518 3904 —re

373 3919 414 3974 cl)
432 3918 472 3969 lcl
493 3914 556 3985 [of].
580 3916 593 3986 ΙΙ
616 3922 659 3969 est
676 3921 737 3972 add.
757 3920 821 3971 Lor.
847 3917 1010 3985 (curvatura
1028 3919 1176 3969 formatum
1196 3918 1267 3982 GH).
1291 3915 1303 3984 ll
1328 3917 1402 3983 7(et
1419 3920 1445 3981 8)
1471 3937 1518 3985 pe·

374 4003 439 4053 dum
456 4003 527 4055 ἆσαι
556 4002 640 4067 pedes
660 4004 716 4056 GH.
742 4000 754 4071 ll
777 4006 809 4056 10
832 4017 935 4068 eaeque
960 4002 1092 4083 (eaeque
1113 4003 1156 4067 Gc)
1183 4004 1245 4053 GH:
1270 4003 1376 4066 haeque
1403 4001 1481 4067 (Llc).
1504 4003 1515 4068 11

374 4105 406 4153 12
425 4078 528 4169 spioni
548 4105 583 4154 60
605 4102 643 4168 (ut
664 4122 744 4171 supro
766 4123 791 4171 p.
816 4109 862 4170 96,
881 4105 935 4167 21),
960 4101 973 4171 ΙΙ
1002 4108 1033 4156 13
1061 4104 1269 4168 hemicyclium:
1296 4106 1334 4154 sic
1358 4103 1416 4156 GH.
1443 4100 1456 4170 [l
1486 4108 1517 4155 15

374 4220 482 4270 quoque
507 4203 555 4276 (qq
574 4206 606 4267 θ,
631 4193 674 4275 q⁰q,
689 4208 749 4270 ·G⁶,
774 4220 855 4272 quoq3
878 4207 961 4271 Hth,
986 4216 1066 4272 quoq:
1086 4222 1112 4264 c,
1136 4220 1242 4270 quoque
1261 4204 1279 4267 t)
1303 4219 1398 4256 versus
1423 4206 1481 4256 GH.
1503 4203 1514 4271 ll

374 4294 523 4355 quaternos
546 4291 631 4341 Mara
660 4297 810 4356 quaternus
836 4299 895 4341 ante
918 4306 986 4340 corr.
1011 4291 1051 4353 H,
1076 4290 1152 4339 -nis
1177 4289 1240 4339 611⁶
1263 4287 1341 4354 (Llc).
1369 4286 1382 4355 ll
1410 4291 1516 4339 16111-

373 4374 423 4425 bes
443 4374 478 4426 0:
497 4391 544 4427 om.
564 4376 594 4425 H
610 4375 650 4440 (alr
670 4374 734 4443 [s]).
757 4372 771 4441 [Ι
793 4391 979 4441 euerganeae:
1002 4376 1040 4424 sic
1059 4373 1155 4440 (—nee
1177 4372 1208 4435 G)
1228 4373 1286 4423 GH.
1310 4370 1323 4441 ll
1346 4375 1377 4424 17
1395 4378 1516 4424 transtra

374 4457 439 4508 th²z
464 4464 554 4510 trasta
574 4460 625 4510 GH
643 4460 696 4526 (lc).
724 4456 736 4526 ΙΙ
765 4462 796 4510 18
815 4449 954 4510 collocata
972 4460 1042 4509 Joc:
1068 4457 1228 4508 conlocatae
1252 4457 1324 4517 (-te
1345 4458 1372 4514 G,
1393 4464 1453 4524 -te
1472 4459 1516 4520 60)

376 4543 435 4593 GH.
459 4539 472 4608 [Ι
495 4544 528 4594 20
545 4544 688 4608 pectinata
706 4543 837 4595 Bondam:
857 4542 1012 4604 teetilnata
1033 4542 1066 4601 G,
1085 4540 1221 4590 testinata
1239 4541 1268 4590 H
1286 4539 1334 4605 (L,
1358 4543 1426 4591 tecti
1449 4545 1517 4592 nata

375 4625 417 4688 lc).
440 4622 453 4691 ss
475 4627 509 4676 25
526 4628 620 4678 trabes
636 4627 640 4693 Ι
657 4634 691 4685 G:
710 4628 789 4678 trabe
806 4624 857 4693 [H
873 4625 963 4691 (trabe
982 4624 1048 4688 Llc).
1074 4621 1086 4691 ll
1109 4625 1141 4673 26
1160 4623 1309 4691 adaugere:
1328 4628 1365 4675 sic
1385 4622 1516 4693 Gli-1128

375 4710 570 4777 conlungenda
590 4711 620 4766 G.
