3984 5825
641 527 688 575 un
711 526 872 577 nrvnusrs
895 525 1055 575 sanarem
1078 526 1419 577 sucurrnerourcaa.
1537 514 1601 578 309

431 672 489 736 ad
527 685 635 767 ignem
662 682 831 767 adponunt
851 689 888 744 ut
914 678 1057 761 ferveat,
1086 688 1117 743 et
1140 679 1305 743 decoctam
1328 682 1363 743 in
1385 680 1519 746 linteolo
1543 706 1598 747 ex-

432 780 601 853 primunt
615 792 662 845 oet
684 783 719 845 in
740 782 893 846 mortario
922 802 994 844 cum
1018 790 1105 844 creta
1134 792 1305 845 conterunt
1328 792 1360 846 et
1381 782 1505 847 iaciunt
1528 784 1598 848 silis

429 885 548 948 attici
576 882 726 948 colorem.
771 881 883 945 eadem
911 883 1036 945 ratione
1063 884 1245 945 vaccinium
1274 905 1347 947 cum
1370 883 1453 947 lacte
1474 893 1597 971 tempe-

428 991 562 1051 rantes
590 1006 767 1072 purpuram
794 982 919 1046 faciunt
942 981 1133 1067 elegantem.
1179 986 1234 1070 qui
1256 1007 1321 1049 non
1343 995 1480 1072 possunt
1503 987 1597 1072 chry·

387 1086 404 1131 ὅ
430 1086 573 1152 socolla
602 1095 734 1175 propter
761 1085 928 1148 caritatem
957 1085 1022 1166 uti,
1051 1084 1153 1147 herba
1181 1107 1263 1171 quae
1290 1076 1403 1149 lutear
1416 1087 1599 1174 appellatur

391 1228 394 1235 -
433 1197 566 1254 Sueum
591 1185 773 1251 caeruleum
789 1185 939 1248 inficiunt
954 1194 986 1247 et
1002 1195 1137 1249 utuntur
1153 1185 1353 1252 viridissimo
1370 1187 1486 1253 colore.
1518 1189 1598 1253 haec

434 1299 560 1355 autem
588 1288 746 1353 infectiva
773 1284 986 1373 appellantur.
1031 1295 1164 1372 propter
1192 1289 1334 1374 inopiam
1357 1288 1474 1354 coloris
1498 1290 1599 1355 simili

436 1393 548 1457 modo
571 1400 694 1455 cretam
709 1388 897 1453 selinusiam
912 1387 982 1450 sive
997 1386 1177 1451 anulariam
1193 1391 1279 1454 vitro
1302 1393 1487 1475 miscentem
1512 1393 1596 1479 quod

439 1483 571 1557 Graeci
594 1509 703 1556 ισατιν
728 1499 862 1571 vocant,
894 1488 1129 1553 imitationibus
1152 1491 1300 1555 inliciunt
1322 1492 1424 1557 indici
1446 1492 1597 1558 colorem.

373 1587 414 1641 ¹0
537 1592 702 1682 Quoniam
724 1591 767 1654 ad
789 1611 899 1654 omnes
922 1612 999 1653 usus
1022 1614 1154 1655 normae
1177 1595 1258 1657 ratio
1283 1594 1447 1657 subtiliter
1462 1596 1596 1658 inventa
1610 1595 1750 1657 XXV¹¹¹n⁰⁰

1610 1660 1697 1687 novinae
1718 1662 1748 1688 lll·

441 1695 602 1777 videtur,
636 1695 704 1757 sine
733 1714 796 1779 qua
823 1690 905 1754 nihil
932 1691 1058 1756 utiliter
1083 1693 1153 1755 fieri
1176 1702 1301 1779 potest,
1330 1694 1391 1757 hoc
1413 1694 1509 1760 modo
1534 1699 1595 1760 crit
1623 1699 1731 1738 ‘'⁰¹¹¹³⁰¹¹⁰·

441 1790 665 1884 disponenda.
711 1801 878 1858 sumantur
900 1794 1010 1878 itaque
1033 1802 1097 1857 tres
1121 1793 1269 1878 regulae,
1299 1796 1401 1858 itaut
1424 1795 1508 1860 duae
1531 1799 1597 1862 sint
1633 1781 1725 1884 illibi

441 1899 591 1981 pedibus
620 1897 706 1983 binis
737 1904 769 1959 ct
796 1895 892 1959 tertia
921 1894 1041 1957 habeat
1063 1894 1162 1980 pedes
1187 1895 1250 1959 duo
1273 1898 1387 1960 uncias
1411 1915 1444 1959 x.
1468 1920 1524 1960 eae
1546 1920 1595 1961 re·

442 1999 548 2083 gulae
575 1997 705 2086 aequali
737 1996 954 2060 crassitudine
982 1998 1180 2082 compositae
1209 2000 1363 2060 extremis
1391 2000 1596 2063 acuminibus

374 2099 416 2153 ¹5
442 2098 630 2186 iungantur
662 2099 792 2162 schema
823 2097 980 2161 facientes
1014 2098 1147 2182 trigoni.
1193 2100 1239 2162 sic
1268 2099 1325 2163 fiet
1353 2101 1457 2185 perite
1484 2123 1596 2173 norma

447 2205 641 2289 composita.

536 2301 642 2367 Multa
664 2303 818 2387 variaque
839 2322 959 2385 genera
986 2312 1062 2365 sunt
1090 2301 1346 2386 horologiorum,
1376 2304 1433 2366 sed
1456 2305 1596 2391 pelecini
1610 2305 1750 2410 'fflffibgililfl

451 2415 484 2468 et
505 2402 691 2488 hemicyclii
712 2403 816 2487 magis
839 2413 950 2488 aperta
973 2412 1005 2465 ct
1028 2404 1193 2488 sequenda
1216 2406 1300 2468 ratio
1324 2404 1465 2468 videtur.
1509 2408 1747 2492 pelo-1¹¹⁵‘³¹⁰¹³⁰¹¹⁰·

452 2508 560 2569 einum
583 2506 668 2567 enirn
689 2503 891 2587 horologium
914 2504 1034 2567 dieitur
1057 2504 1143 2588 quod
1167 2527 1209 2567 ex
1231 2505 1359 2568 ‹luabus
1375 2506 1496 2570 tabulis
1512 2532 1595 2572 mar·
1627 2492 1731 2591 iifl-'ul

376 2607 428 2666 ΞΟ
452 2608 570 2671 mercis
597 2607 650 2668 vel
678 2605 816 2691 lapideis
844 2607 1010 2690 superiore
1039 2615 1131 2691 parte
1159 2604 1329 2668 latioribus
1358 2607 1512 2670 inferiore
1539 2632 1595 2672 an·
1649 2597 1710 2644 ⁹’⁸l'

452 2706 652 2793 gustioribus
686 2696 904 2793 componitur,
939 2706 997 2770 sed
1020 2706 1100 2769 haee
1122 2705 1252 2769 tabulae
1284 2705 1412 2791 aequali
1445 2729 1596 2771 mensura

452 2811 534 2874 fiunt
556 2818 589 2871 et
617 2810 723 2893 quinis
752 2806 847 2871 lineis
876 2809 1010 2872 directis
1041 2817 1209 2887 notantur,
1238 2815 1275 2870 ut
1296 2807 1450 2891 angulmn
1473 2807 1596 2873 faciant

454 2911 509 2997 qui
532 2920 659 2974 sextam
682 2910 792 2973 horam
815 2909 970 2994 signabit.
1009 2910 1107 2973 semis
1132 2932 1208 2994 ergo
1230 2919 1305 2972 auto
1328 2910 1467 2994 primam
1491 2920 1522 2973 et
1545 2932 1594 2973 se-

453 3015 513 3075 mis
537 3021 609 3099 post
630 3011 834 3076 undecimam
861 3011 1060 3099 supplebunt
1082 3030 1133 3074 xll
1156 3032 1306 3074 numeros
1329 3009 1492 3074 horarum.
1537 3010 1594 3073 sed

395 3124 438 3179 25
456 3116 574 3179 iunctis
595 3113 774 3200 aequaliter
796 3123 871 3177 ante
894 3124 925 3177 et
948 3115 1092 3177 extensis
1114 3111 1248 3193 tabuliS,
1272 3113 1305 3174 in
1328 3110 1447 3195 angulo
1470 3135 1594 3175 summo

455 3218 624 3280 iuncturae
651 3217 807 3279 circinum
835 3216 916 3300 figes
944 3226 976 3279 et
1004 3214 1124 3299 angulo
1152 3214 1339 3300 proximum
1368 3212 1524 3277 circulum
1547 3213 1562 3276 f
1583 3252 1593 3260 -

509 3382 681 3390 ——-.-—-

524 3480 537 3522 l
558 3474 673 3523 decocta
691 3490 732 3538 op.
755 3469 767 3538 ll
789 3475 804 3522 2
823 3473 952 3522 silisatici
970 3490 992 3525 υ,
1017 3467 1030 3537 ss
1052 3474 1067 3521 3
1087 3472 1183 3521 eadem
1203 3472 1337 3521 rationem
1356 3491 1369 3522 υ
1388 3470 1468 3537 (-ue
1484 3472 1524 3537 p).
1544 3469 1556 3537 ΙΙ
1579 3475 1595 3521 4

454 3574 601 3623 purpuram
620 3560 673 3607 ed.:
693 3572 857 3620 perparcum
874 3574 913 3621 op.
938 3552 949 3622 ll
973 3555 1130 3620 elegantem
1149 3557 1191 3605 uti
1206 3556 1209 3619 Ι
1226 3556 1329 3606 herbae
1353 3572 1422 3620 quae
1440 3576 1453 3607 e
1472 3555 1529 3618 (em.
1550 3558 1595 3620 qui

454 3670 485 3679 -
497 3642 665 3703 caritatem).
682 3638 694 3708 ss
710 3642 816 3705 possint
832 3658 859 3703 p.
877 3639 888 3706 [Ι
906 3641 1052 3691 crisoeolla
1070 3651 1095 3705 p:
1113 3638 1125 3705 11
1141 3641 1260 3691 blutear
1271 3658 1303 3705 cp
1322 3641 1410 3704 (lutea
1423 3642 1595 3705 rappellatur

452 3731 489 3779 sic
500 3727 539 3792 v):
559 3728 635 3776 lutea
648 3726 707 3775 Vnt.
721 3731 745 3784 2,
758 3726 861 3774 luteum
877 3728 943 3777 Vitr,
956 3721 967 3791 ΙΙ
979 3728 995 3774 b
1009 3725 1147 3776 ceruleum
1158 3744 1199 3789 cp.
1213 3722 1224 3789 ll
1241 3727 1254 3774 7
1268 3725 1401 3774 infectiva
1412 3734 1443 3787 p:
1462 3725 1594 3773 infestiva

452 3831 474 3863 v.
497 3789 512 3878 ll
533 3813 639 3863 colores
657 3828 697 3875 op.
719 3807 732 3875 ΙΙ
754 3812 770 3859 8
789 3814 905 3859 cretam:
925 3814 1002 3859 creta
1019 3827 1060 3874 op.
1081 3806 1092 3875 ll
1115 3809 1276 3859 selinusiam
1296 3811 1335 3861 ed,
1357 3807 1403 3871 (ex
1425 3806 1515 3870 Vara:
1540 3808 1594 3855 for-

452 3899 519 3947 nosa
542 3914 568 3954 e,
593 3897 741 3946 formasam
761 3911 788 3960 p.
809 3891 821 3958 ll
846 3894 1001 3944 anulariam
1024 3893 1136 3958 (Vitr.):
1166 3891 1401 3957 angu(oo)lariam
1424 3909 1466 3955 op.
1488 3887 1501 3957 [l
1523 3893 1593 3941 vitro

453 3980 564 4045 (Viam
578 3980 650 4030 ultro
663 3997 703 4044 op.
718 3976 756 4044 119
770 3980 1006 4044 graeeistaensive
1019 3980 1148 4042 rationib3
1159 3995 1179 4035 o,
1193 3978 1287 4041 graeei
1300 3981 1380 4024 staen
1392 3977 1416 4025 si
1429 3976 1592 4040 uerationib3

449 4084 468 4131 p
488 4065 594 4131 (graeei
611 4065 696 4114 isatin
712 4064 789 4115 Tura.
804 4065 829 4112 in
845 4064 921 4118 Via..
940 4063 1144 4112 imitationibus
1162 4077 1208 4124 epo
1222 4077 1257 4109 ecc
1272 4062 1361 4120 Vim).
1377 4055 1389 4124 ll
1406 4063 1438 4110 10
1450 4064 1591 4125 quoniam:

450 4154 488 4201 sic
501 4149 584 4213 (Quo)
598 4166 639 4213 op.
657 4144 668 4214 ΙΙ
686 4148 720 4198 atl
733 4164 780 4200 ont.
792 4165 806 4197 o
819 4149 882 4209 (uon
893 4146 931 4210 p).
949 4143 962 4211 ΙΙ
979 4149 1009 4195 12
1022 4147 1063 4195 ita
1076 4149 1117 4194 ut:
1136 4148 1173 4193 sic
1184 4162 1225 4207 op.
1244 4140 1255 4209 ΙΙ
1273 4147 1303 4194 13
1316 4143 1369 4193 duo
1382 4145 1479 4192 uncias
1492 4144 1516 4190 X
1534 4142 1591 4206 (sic)

449 4252 489 4299 op.
516 4232 527 4299 [1
549 4250 599 4283 eae
617 4250 675 4297 epo:
696 4249 729 4282 ac
746 4248 779 4295 op
797 4231 858 4295 (pro
878 4232 930 4294 ae).
954 4227 965 4294 ll
990 4232 1022 4278 14
1041 4228 1283 4293 grassitudineop.
1304 4224 1316 4292 ll
1342 4230 1372 4277 15
1391 4228 1520 4291 iugautur
1536 4244 1563 4290 p.
1579 4224 1590 4292 ll

451 4335 602 4381 secmaop.
624 4315 637 4384 Η
656 4318 745 4381 perito
763 4332 821 4380 epo:
841 4316 896 4363 —ti
914 4332 953 4378 op.
975 4311 987 4379 ΙΙ
1008 4316 1039 4363 17
1062 4312 1183 4378 pelecini
1205 4314 1275 4361 Mar.
1300 4315 1346 4372 (erc
1367 4309 1459 4376 Vitr.):
1488 4309 1592 4374 peligni

450 4421 491 4468 op.
511 4399 523 4469 ll
546 4405 577 4453 18
595 4401 723 4466 emieycli
741 4417 783 4463 op.
798 4397 811 4466 ΙΙ
827 4415 929 4463 sequen
948 4398 1066 4447 elaratio
1086 4395 1144 4460 (sie)
1162 4414 1184 4446 o.
1206 4392 1218 4461 ΙΙ
1240 4396 1380 4460 pelignum
1393 4412 1433 4459 op.
1454 4391 1466 4458 ll
1490 4397 1521 4444 19
1540 4409 1592 4457 quo

451 4505 485 4538 ex
504 4486 560 4554 all
584 4491 614 4537 21
629 4488 700 4535 haee
717 4502 748 4549 p:
768 4484 820 4534 hae
834 4502 855 4534 o.
878 4481 889 4548 ΙΙ
913 4486 944 4532 22
963 4482 1075 4547 agulum
1093 4499 1115 4531 o.
1133 4477 1144 4544 ΙΙ
1162 4482 1250 4530 faeiat
1266 4497 1293 4544 p.
1313 4476 1325 4544 ll
1346 4482 1378 4529 23
1397 4479 1518 4545 signabit
1536 4481 1591 4529 ert:

450 4573 574 4639 signavit
596 4589 635 4636 op.
655 4568 668 4637 ll
690 4572 723 4619 24
740 4568 886 4624 undecima
903 4585 930 4632 p.
953 4562 964 4632 ΙΙ
988 4580 1112 4617 numeras
1130 4583 1152 4615 v.
