3984 5825
737 681 785 729 nn
807 680 1075 730 aaonrrncruan
1098 684 1167 729 nin.
1191 681 1222 728 v.
1498 665 1558 730 113

415 854 667 924 synemmenon,
701 845 857 920 paranete
890 856 1146 922 synemmenon,
1180 837 1255 898 trite
1289 834 1558 921 diezeugmenon,

413 946 570 1024 paranete
592 936 865 1020 diezeugmenon,
889 938 966 1000 trite
988 934 1241 1024 hyperbolaeon,
1265 947 1419 1023 paranete
1440 937 1559 1024 hyper·

382 1038 562 1104 chelaeon.
613 1039 644 1102 ei
671 1047 781 1101 autem
809 1060 874 1123 qua
902 1048 1091 1118 moventur,
1120 1039 1282 1125 recipiunt
1304 1039 1442 1102 virtutes
1465 1039 1557 1121 aliae,

411 1140 588 1204 intervalla
631 1140 717 1201 enim
754 1148 786 1202 et
823 1140 996 1203 distantias
1033 1139 1155 1203 habent
1192 1148 1384 1204 crescentes.
1448 1141 1559 1226 itaquo

411 1241 613 1329 parhypate,
637 1242 768 1326 quaein
790 1239 959 1305 harmonia
981 1241 1084 1305 distat
1105 1242 1146 1306 ab
1165 1240 1287 1328 hypate
1310 1240 1481 1305 dimidium
1503 1242 1558 1306 he·
1577 1256 1592 1303 5

392 1344 602 1427 ‘mitonium,
639 1345 674 1405 in
706 1341 838 1405 chroma
865 1351 1043 1406 tramutata
1076 1342 1174 1406 habet
1201 1342 1425 1408 hemitonium.
1475 1366 1559 1430 quae

412 1443 559 1509 lichanos
587 1446 621 1507 in
643 1444 812 1508 harmonia
834 1443 972 1527 dicitur,
1002 1443 1044 1508 ab
1066 1444 1188 1531 hypate
1210 1444 1312 1508 distat
1332 1444 1558 1527 hemitonium,

412 1546 447 1608 in
476 1545 610 1611 chroma
637 1545 796 1609 translata
822 1543 1031 1632 progreditur
1059 1542 1124 1609 duo
1146 1545 1340 1628 hemitonia,
1369 1547 1402 1610 in
1426 1546 1558 1611 diatono

412 1647 517 1711 distat
532 1648 575 1711 ab
589 1646 712 1734 hypate
727 1647 791 1710 tria
812 1647 1000 1710 hemitonia.
1037 1649 1084 1711 ita
1104 1670 1128 1710 x
1151 1649 1275 1712 sonitus
1298 1657 1431 1734 propter
1452 1658 1557 1712 trans-

412 1748 553 1813 lationes
582 1751 617 1812 in
644 1749 819 1833 generibus
848 1747 995 1811 efficiunt
1024 1750 1187 1835 triplicem
1215 1747 1473 1813 modulationum
1501 1772 1556 1812 va·
1578 1763 1609 1811 10

379 1850 574 1917 tristatam.
617 1850 826 1914 tetrachorda
848 1859 957 1913 autem
979 1858 1057 1913 sunt
1079 1852 1238 1936 quinque,
1267 1853 1408 1936 primum
1430 1853 1557 1936 gravis·

412 1953 549 2031 simum,
578 1953 665 2038 quod
692 1974 809 2038 graece
837 1952 958 2016 dicitur
979 1973 1110 2016 aaaron
1117 2000 1126 2032 ,
1156 1953 1337 2016 secundum
1359 1953 1557 2036 medianum,

413 2053 502 2140 quod
526 2047 710 2140 appellatur
731 2071 852 2138 μεσον,
876 2055 1010 2117 tertium
1032 2054 1256 2137 coniunctum,
1280 2055 1367 2140 quod
1391 2073 1557 2140 συνημμε-

411 2178 477 2220 νον
499 2154 636 2238 dicitur,
667 2165 819 2241 quartum
841 2155 1058 2236 disiunctum,
1088 2156 1174 2242 quod
1198 2157 1432 2240 διεζευγμενον
1453 2158 1557 2221 nomi·

411 2265 526 2338 natur,
550 2258 717 2342 quintum,
746 2258 833 2344 quod
850 2267 900 2321 est
921 2259 1163 2339 acutissimum,
1191 2279 1309 2343 graece
1321 2261 1558 2343 -υπερβολαιον
1577 2271 1608 2319 15

412 2359 547 2422 dicitur.
598 2368 772 2423 concentus
807 2382 887 2445 quos
920 2369 1038 2423 natura
1070 2359 1211 2423 hominis
1244 2359 1406 2424 modulari
1438 2369 1556 2446 potest,

412 2480 596 2546 gracceque
624 2477 819 2544 συμφωνιαι
847 2460 1017 2544 dicuntur,
1046 2470 1123 2524 sunt
1145 2483 1221 2543 sex,
1245 2461 1463 2545 diatessaron,
1487 2463 1557 2526 dia-

411 2572 528 2650 pente,
552 2561 726 2648 diapason,
750 2572 783 2627 et
798 2562 1071 2645 disdiatessaron,
1095 2571 1128 2626 et
1143 2563 1363 2649 disdiapente,
1387 2573 1419 2628 et
1434 2563 1557 2627 disdia-

378 2684 528 2751 8pason.
579 2663 718 2749 ideoque
746 2659 790 2727 et'
811 2687 831 2727 a
856 2686 992 2729 numero
1020 2665 1153 2729 nomina
1175 2673 1346 2750 ceperunt,
1375 2665 1557 2750 quodcum

412 2788 483 2831 vox
498 2765 682 2828 constiterit
696 2766 731 2828 in
745 2788 811 2829 una
833 2789 987 2830 sonorum
1009 2766 1156 2835 finitione
1177 2764 1218 2828 ab
1242 2787 1345 2851 eaque
1367 2788 1402 2828 sc
1423 2765 1557 2830 flectens
1575 2779 1608 2827 ao

412 2867 596 2932 mutaverit
611 2876 643 2932 et
657 2870 844 2955 pervenerit
859 2869 893 2933 in
909 2877 1059 2955 quartam
1080 2868 1353 2950 terminationem,
1376 2867 1559 2954 appellatur

413 2971 635 3053 diatessaron,
668 2972 704 3034 in
731 2973 878 3057 quintam
906 2970 1076 3057 diapente,
1104 2971 1140 3032 in
1166 2978 1294 3032 sextam
1321 2970 1494 3054 diapason,
1523 2971 1559 3032 in

413 3083 567 3139 octavam
596 3082 628 3135 et
650 3072 821 3136 dimidiam
843 3075 1003 3159 diapason
1025 3081 1057 3135 et
1079 3071 1298 3152 diatessaron,
1329 3071 1364 3132 in
1385 3092 1503 3135 nonam
1527 3081 1559 3135 et

379 3173 589 3247 odimidiam
616 3173 776 3261 diapason
811 3184 843 3239 et
877 3174 1047 3261 diapente,
1072 3174 1110 3236 in
1143 3190 1195 3237 ΧΠ
1222 3171 1444 3259 disdiapason.
1493 3195 1558 3235 non

414 3278 503 3341 enim
517 3278 603 3340 inter
625 3275 690 3339 duo
712 3274 906 3356 intervalla,
927 3297 1001 3339 cum
1024 3274 1219 3339 chordarum
1242 3274 1366 3339 sonitus
1389 3283 1446 3338 aut
1467 3276 1558 3339 vocis
1577 3288 1609 3335 25

414 3389 531 3442 cantus
559 3377 666 3441 factus
700 3377 815 3459 fuerit,
844 3398 905 3440 nec
933 3378 968 3440 in
995 3378 1093 3441 tertia
1120 3386 1177 3439 aut
1203 3385 1298 3440 sexta
1323 3385 1380 3440 aut
1407 3394 1457 3442 v11
1485 3398 1558 3464 pos·

483 3569 544 3619 301
562 3572 651 3617 autem
670 3582 737 3632 qua:
755 3568 792 3617 sic
813 3567 870 3617 GH.
892 3564 903 3633 ΙΙ
923 3569 939 3617 5
958 3567 1082 3617 armonio
1101 3566 1160 3616 GH.
1176 3563 1189 3634 ΙΙ
1204 3566 1307 3631 hypate
1320 3566 1461 3616 dimidium
1473 3566 1558 3617 hemi·

414 3656 523 3703 tunium
542 3653 613 3704 Mar.
634 3650 748 3717 (hypate
766 3652 834 3701 diesi
851 3653 934 3716 Joc.):
953 3652 1057 3716 hypate
1075 3651 1253 3700 hemitonium
1268 3652 1326 3701 GH.
1348 3648 1361 3717 {l
1384 3653 1399 3701 6
1417 3651 1558 3702 inchroma

414 3741 603 3788 transmutata
623 3738 644 3786 G
662 3735 737 3800 (cca),
756 3736 943 3786 inchromntra
961 3740 1067 3786 mutata
1084 3734 1296 3798 H(L1etaute
1314 3751 1367 3785 ras.
1385 3734 1419 3799 o).
1447 3732 1459 3802 11
1487 3751 1558 3801 qnae

416 3825 495 3873 Lon:
516 3823 564 3886 qni
583 3822 642 3883 GH.
666 3817 678 3886 ΙΙ
701 3820 858 3870 tlichanos
876 3821 946 3870 doe:
971 3819 1099 3870 lichanos
1116 3820 1173 3870 GH.
1196 3817 1209 3887 ll
1231 3824 1247 3872 8
1270 3820 1406 3870 translata
1429 3818 1559 3883 (traslata

417 3908 465 3971 G):
483 3910 522 3957 sic
541 3906 594 3957 GH
608 3903 691 3972 (Llc).
714 3901 782 3971 llll
799 3904 922 3969 hypaton
937 3905 995 3954 GH.
1018 3901 1030 3971 ll
1054 3907 1085 3954 13
1104 3920 1198 3955 meson
1217 3906 1275 3955 GH.
1292 3901 1304 3970 ΙΙ
1320 3905 1364 3953 sin
1382 3903 1487 3954 hemme
1504 3919 1559 3953 non

418 3993 452 4050 G,
474 3994 519 4042 sin
537 3991 698 4041 hemmenon
718 3990 748 4040 H
764 3991 836 4053 (11⁶1,
855 3989 958 4039 sinhem
978 4003 1077 4038 menon
1094 4005 1121 4051 c,
1145 3988 1350 4040 sinhemmenon
1367 3988 1394 4044 Ιι,
1412 3987 1557 4037 sinemme·

415 4091 471 4127 non
493 4074 550 4139 Ge),
572 4072 584 4140 ΙΙ
606 4077 639 4124 14
656 4072 888 4140 diezeuglmenon
907 4075 941 4125 Gr
960 4074 1168 4138 diezeigmenon
1187 4071 1244 4136 (cic)
1265 4074 1292 4121 H
1310 4072 1559 4135 (die.zeegmenon

415 4166 552 4210 celante
575 4175 644 4211 corr.
662 4160 690 4222 h,
714 4160 945 4224 diezeugmenon
963 4160 1011 4215 11,
1034 4158 1266 4238 ἀίψιιςηιεηθιι
1291 4156 1341 4215 L0,
1368 4152 1557 4220 dielzeugme·

416 4278 471 4311 non
488 4259 540 4323 tc).
556 4256 568 4325 ΙΙ
587 4263 618 4310 15
635 4259 822 4325 hyperboleon
843 4261 871 4322 G,
891 4260 1043 4309 —bolaeon
1062 4261 1091 4308 H
1109 4258 1252 4322 (—boleon
1265 4258 1313 4315 Lh,
1331 4255 1465 4306 -baleon
1483 4257 1528 4318 lc).
1543 4254 1555 4322 ll

417 4365 450 4412 16
469 4366 619 4413 concentus
637 4364 673 4415 H.
694 4358 706 4428 ll
731 4364 761 4412 17
780 4361 939 4426 symphonie
959 4361 980 4409 G
998 4358 1077 4424 (ccli),
1097 4359 1266 4424 synphoniae
1286 4359 1314 4407 H
1332 4355 1410 4421 (Llc).
1433 4353 1445 4422 [Ι
1468 4344 1559 4407 ‹l'ates-

417 4462 500 4497 saron
517 4447 567 4495 Hc,
590 4442 602 4511 ΙΙ
628 4449 657 4496 19
676 4446 793 4508 ideoque
812 4451 852 4495 et:
875 4448 913 4495 sic
937 4445 994 4498 GH.
1019 4442 1031 4511 ΙΙ
1058 4445 1168 4495 nomina
1191 4447 1337 4507 ceperunt:
1361 4441 1472 4491 nomina
1495 4457 1557 4491 coe·

417 4536 519 4598 petunt
538 4531 589 4581 GH
612 4531 639 4593 (Ι,
658 4535 792 4595 ceperunt
809 4547 837 4593 c,
855 4534 1023 4593 acceperunt
1040 4540 1068 4580 00
1085 4537 1111 4578 et
1127 4530 1154 4584 a,
1175 4543 1275 4577 nomen
1294 4528 1463 4590 acceperunt
1480 4523 1524 4591 L).
1544 4523 1556 4592 ll

417 4653 451 4702 24
470 4651 604 4716 diapason
622 4649 753 4713 diapente
773 4649 824 4699 GH
842 4647 882 4712 (et
899 4651 960 4702 add.
979 4645 1041 4710 ed).
1065 4644 1078 4713 Η
1100 4647 1174 4696 xm:
1193 4649 1231 4697 sic
1251 4647 1302 4695 GH
1319 4617 1467 4709 (Xlniimffl).
1491 4642 1503 4712 [l
1525 4645 1558 4695 26

418 4736 471 4788 VlI
490 4733 519 4798 (t.
537 4751 559 4785 e.
577 4734 696 4799 septima
713 4736 780 4795 cdl:
799 4740 904 4800 septem
924 4734 975 4784 GH
993 4731 1071 4799 (hle).

452 4834 570 4877 vrrsov.
589 4836 624 4871 nr
643 4833 755 4873 sacnrr.
1336 4814 1356 4880 8
