3984 5825
433 639 474 707 :ta
925 646 1083 695 vmnuvu

432 819 538 877 ardum
575 807 710 873 turrium
745 805 791 868 ita
818 811 894 866 sunt
924 800 1076 864 facienda
1103 808 1139 862 ut
1166 821 1207 862 ne
1234 797 1363 882 longius
1386 797 1429 861 sit
1451 797 1517 861 alia
1537 797 1580 861 ab

433 908 497 977 ullu
524 909 663 990 eupitius
691 905 862 985 missione,
889 903 938 967 uti
966 903 995 965 si
1019 923 1082 988 qua
1104 909 1325 987 oppugnetur,
1349 909 1418 964 tum
1440 922 1460 963 a
1481 900 1579 963 turri-

435 1010 493 1079 lum
523 1031 606 1097 ‹pum
634 1016 730 1072 erunt
757 1006 876 1070 dextra
903 1026 941 1068 ac
969 1005 1103 1068 sinistra
1131 1001 1357 1089 scorpionibus
1379 999 1580 1087 reliquisque

434 1110 569 1180 telorum
592 1107 804 1175 missionibus
828 1107 937 1172 hostes
959 1098 1147 1170 reiciantur.
1200 1104 1364 1189 etiamque
1390 1112 1501 1168 contra
1530 1105 1579 1168 in-

399 1215 549 1281 ntoriuro
567 1213 705 1278 turrium
728 1208 928 1275 dividendus
952 1216 1002 1271 est
1023 1229 1135 1270 murus
1159 1203 1340 1269 intervallis
1363 1214 1430 1269 tam
1452 1206 1580 1290 magnis

433 1338 528 1405 <puisun
552 1324 647 1379 munt
671 1322 795 1395 turres,
819 1320 855 1374 ut
878 1310 997 1375 itinera
1020 1307 1317 1383 sintinterioribus
1340 1305 1488 1394 partibus
1511 1318 1579 1372 tur-

435 1417 515 1483 rium
546 1416 750 1499 «erudirentur,
773 1436 879 1501 neque
903 1434 941 1476 ca
963 1411 1051 1475 ferro
1072 1410 1150 1472 fixa.
1194 1407 1298 1472 hostis
1322 1409 1459 1472 enimsi
1483 1431 1580 1496 quam

436 1529 556 1609 prtrtmu
587 1517 668 1582 inuri
700 1517 926 1604 occupaverit,
957 1514 1015 1600 qui
1037 1510 1267 1598 repugnabunt
1289 1510 1475 1574 rescindent
1498 1520 1530 1574 et
1553 1511 1581 1574 si

351 1653 354 1662 =
434 1616 583 1687 euterius·
597 1617 916 1700 rulntiuistruverint,
939 1638 1005 1680 non
1027 1615 1192 1702 patientur
1214 1611 1356 1699 reliquas
1379 1622 1489 1699 partes
1511 1622 1579 1676 tur-

385 1741 413 1792 to
434 1722 515 1790 rlmu
534 1722 683 1810 nouique
699 1718 824 1786 lustum
841 1728 1028 1808 penetrare,
1051 1717 1116 1781 nisi
1131 1737 1166 1779 se
1188 1713 1329 1780 voluerit
1351 1715 1579 1801 praecipitare.

434 1837 537 1893 rursus
562 1824 671 1913 ltuquo
694 1820 853 1889 rutuudao
875 1831 931 1886 utut
953 1818 1150 1908 polygonise
1178 1826 1255 1881 sunt
1276 1815 1455 1880 faciendae.
1501 1838 1578 1903 qua·
1598 1831 1614 1880 5

432 1925 542 1993 illutus
567 1927 651 1993 euim
677 1923 845 1991 rurmlriruu·¹
868 1923 1005 1988 celerius
1028 1920 1205 2007 dissipant,
1229 1917 1317 2005 quod
1338 1917 1474 2004 angulos
1497 1920 1579 1982 arie-

434 2040 481 2097 ts
507 2024 672 2095 tutulmulu
697 2026 869 2109 lluupunt,
894 2027 928 2089 iu
950 2019 1236 2088 rotundationibus
1258 2029 1367 2083 autem
1389 2021 1439 2084 uti
1461 2043 1580 2085 cuneos

432 2128 471 2198 ml
498 2141 642 2197 neutrum
666 2126 831 2210 adigendo
855 2124 983 2189 laedere
1006 2147 1071 2189 non
1093 2129 1238 2209 possunt.
1281 2123 1360 2185 item
1382 2123 1580 2187 munitiones

387 2250 414 2302 tu
435 2231 514 2299 um
535 2230 737 2315 tmrimmpm
758 2226 934 2309 ruggeribus
957 2228 1149 2291 coniunctae
1170 2224 1312 2287 maxims
1335 2233 1410 2288 sunt
1431 2225 1578 2308 tutiores,

434 2331 517 2420 ιμιιιιΙ
545 2352 647 2416 trisque
670 2330 788 2394 erictus
812 2351 916 2416 noque
939 2328 1149 2393 suffossiones
1171 2347 1277 2411 neque
1304 2325 1473 2389 machinae
1496 2335 1579 2390 cete·

435 2452 488 2498 ruo
504 2433 550 2497 «ds
577 2427 684 2496 volout
706 2452 832 2494 uocore.
878 2429 936 2494 sod
960 2452 1024 2493 non
1046 2433 1081 2494 in
1102 2428 1254 2494 omnibus
1276 2426 1356 2492 locis
1380 2437 1430 2491 est
1450 2429 1579 2512 aggeris
1598 2445 1614 2491 6

436 2532 516 2599 ratio
547 2531 698 2597 l'uriuudu
727 2531 790 2599 nisi
819 2532 939 2619 quibus
968 2541 1062 2595 extra
1089 2553 1217 2594 murum
1240 2551 1282 2592 ex
1303 2527 1369 2594 alto
1390 2527 1460 2594 loco
1482 2528 1579 2615 plano

436 2632 517 2722 pudo
532 2655 683 2698 urceossus
701 2632 801 2698 fucrit
815 2633 858 2697 ud
881 2635 1010 2700 moenia
1032 2631 1261 2719 oppugnanda.
1306 2633 1415 2717 itaque
1437 2632 1472 2694 in
1494 2633 1578 2695 eius-

383 2755 415 2800 ·so
436 2733 521 2798 ruudi
540 2734 617 2798 lmus
636 2735 775 2822 primum
790 2735 898 2800 fossae
913 2745 989 2800 sunt
1011 2734 1181 2798 faciendae
1202 2732 1430 2797 latitudinibus
1453 2741 1485 2796 et
1505 2731 1578 2796 alti-

436 2832 605 2901 tudinibus
635 2859 732 2925 (puram
758 2835 981 2925 amplissimis,
1005 2835 1125 2901 deinde
1147 2835 1394 2899 fundamentum
1416 2836 1501 2898 muri
1524 2834 1578 2898 de-

434 2937 640 3027 priumnduru
656 2949 705 3005 est
727 2941 814 3005 intra
834 2939 964 3004 alveum
987 2939 1096 3004 fossae
1118 2949 1151 3002 et
1172 2938 1207 3001 id
1230 2937 1447 3001 extruendum
1469 2946 1518 3001 est
1542 2959 1580 3001 ea

434 3039 651 3107 crussitudine
679 3054 716 3106 ut
743 3066 824 3129 opus
853 3054 1018 3107 terrenum
1047 3037 1144 3105 facile
1170 3041 1380 3104 sustineatur.
1430 3041 1508 3103 item
1529 3041 1612 3104 inu

433 3142 552 3208 turioro
585 3155 679 3229 purte
708 3145 961 3209 substructionis
989 3141 1238 3206 fundamentum
1264 3142 1391 3207 distans
1417 3140 1459 3205 ab
1488 3150 1578 3205 exte-

383 3262 415 3308 m
436 3244 519 3306 riore
541 3244 702 3308 introrsus
724 3243 831 3328 amplo
860 3245 966 3328 spatio
994 3244 1041 3306 ita
1063 3241 1112 3306 uti
1135 3242 1282 3307 cohortes
1311 3244 1438 3330 possint
1466 3264 1577 3328 quem-

433 3343 610 3407 admodum
638 3345 673 3404 in
699 3344 770 3404 acie
802 3344 981 3406 instructae
1009 3340 1051 3405 ml
1080 3339 1324 3408 defendendum
1346 3366 1445 3431 supra
1466 3343 1577 3407 latitu-

435 3440 545 3505 dinem
560 3443 691 3524 aggeris
707 3443 895 3506 consistere.
940 3464 1013 3506 cum
1029 3452 1137 3508 autern
1153 3445 1366 3509 fundamenta
1386 3448 1434 3511 ita
1455 3446 1578 3510 distan-

434 3540 481 3603 tia
503 3541 588 3603 inter
610 3562 645 3603 se
667 3540 789 3606 fuerint
811 3544 1004 3626 constituta,
1028 3555 1106 3609 tunc
1127 3547 1213 3611 inter
1235 3569 1273 3611 ea
1294 3547 1358 3611 alia
1379 3558 1578 3631 transversa,

435 3640 607 3704 coniuncta
634 3644 788 3707 exteriori
815 3654 847 3707 et
874 3645 1022 3710 interiori
1043 3646 1272 3731 fundamento,
1300 3650 1490 3736 pectinatim
1512 3649 1578 3714 dis·

384 3762 417 3808 uo
435 3740 552 3827 posita,
576 3741 848 3824 quemadmodum
871 3767 979 3809 serrae
1001 3745 1115 3811 dentes
1139 3746 1244 3814 solent
1266 3772 1338 3815 csse
1360 3751 1579 3815 conlocentur.

436 3861 510 3903 <utun
526 3839 613 3902 enim
628 3843 676 3905 sic
698 3845 759 3907 erit
781 3843 921 3927 factum,
945 3856 1024 3910 tunc
1046 3848 1092 3912 ita
1114 3851 1222 3915 oneris
1245 3854 1367 3915 terreni
1389 3839 1579 3936 magnitudo

504 4097 520 4144 2
539 4096 660 4161 sagittae
678 4099 810 4152 missione
828 4102 905 4152 Scin.
925 4099 1027 4167 (cums,
1047 4108 1193 4157 emissione
1211 4108 1281 4175 ed.):
1300 4105 1406 4175 sagitta
1423 4112 1579 4162 emissionis

438 4179 538 4243 Glct),
557 4181 840 4246 sagittalemissionis
858 4188 886 4236 H
908 4184 1042 4253 (sagittae
1064 4192 1204 4242 missionis
1222 4194 1254 4256 L,
1277 4195 1544 4259 sagittuemissiones
1562 4199 1578 4255 ἱ,

437 4265 514 4314 —nis
531 4265 572 4329 10).
590 4260 609 4331 ll
631 4269 647 4317 3
666 4282 700 4316 ae
718 4270 778 4321 add.
796 4271 853 4321 Joc.
878 4268 988 4334 (dextra
1007 4275 1120 4326 sinistra
1140 4278 1201 4339 GH,
1224 4285 1252 4328 ut
1272 4277 1395 4343 saepius).
1419 4276 1431 4345 ΙΙ
1457 4279 1579 4330 thestis

436 4356 497 4398 unte
508 4365 576 4399 corr.
589 4352 625 4403 li.
638 4347 650 4417 ΙΙ
662 4352 795 4404 interiora
807 4355 892 4405 Man:
905 4356 1051 4409 interiores
1065 4361 1116 4410 GH
1135 4358 1147 4428 [l
1170 4365 1201 4413 m
1213 4362 1350 4414 voluerint
1362 4370 1421 4413 ante
1434 4380 1503 4414 corr.
1516 4366 1549 4414 L.
1565 4362 1577 4428 ξΙ

370 4461 373 4466 -
438 4435 467 4480 11
478 4432 656 4516 polygoniae:
676 4453 764 4489 -nee
774 4440 831 4489 GH.
844 4435 858 4503 Η
869 4440 1013 4504 quadratis
1023 4445 1053 4498 lc.
1076 4440 1088 4510 ΙΙ
1113 4449 1143 4495 13
1157 4462 1258 4497 euneos
1270 4448 1302 4496 G:
1324 4463 1425 4498 cuneus
1437 4450 1466 4498 H
1477 4446 1548 4513 (Llc)
1563 4448 1576 4513 {j

438 4518 469 4564 14
488 4516 624 4601 adrgendo
642 4522 691 4571 ΙΝ.
702 4518 715 4588 ΙΙ
725 4522 831 4575 lederte
851 4526 881 4575 G.
901 4522 913 4592 ll
937 4528 969 4576 16
981 4527 1159 4580 suffossiones
1171 4531 1208 4589 H,
1225 4530 1381 4581 -fosiones
1401 4534 1423 4582 G
1441 4533 1483 4595 (L,
1501 4534 1578 4584 —f0·

437 4600 533 4650 uiones
546 4610 605 4654 unte
617 4620 686 4654 corr.
699 4605 730 4670 l).
746 4606 758 4673 Ιὶ
775 4611 806 4659 19
818 4612 925 4661 moenia
938 4610 965 4676 (I,
978 4614 1069 4680 monia
1082 4615 1137 4676 cdl:
1151 4616 1245 4663 munia
1258 4615 1309 4665 GH
1321 4616 1376 4680 (L).
1394 4614 1406 4683 ll
1422 4620 1455 4667 22
1467 4622 1577 4668 estante

438 4700 472 4736 es
484 4700 530 4735 orn.
544 4686 573 4736 G.
590 4683 651 4751 [130
670 4689 792 4741 solentes
811 4708 839 4742 se
859 4696 880 4744 G
894 4693 994 4757 (solent
1012 4713 1075 4747 esse
1095 4697 1186 4762 Ptol:
1206 4697 1344 4751 soluentes
1363 4717 1391 4751 se
1406 4703 1434 4751 H
1447 4701 1493 4766 (⁶⁶
1506 4703 1575 4767 Llc).
