3984 5825
633 672 679 719 DE
702 674 862 723 DIVllllSlS
887 675 1047 724 s'nssatcls
1071 676 1409 726 dltb'lll'l'lltl'l'ONlUAll.
1532 667 1595 731 295

445 848 527 889 vero
548 848 614 889 non
635 825 734 890 fuerit
755 826 842 890 unde
864 827 1004 891 harenae
1027 828 1210 913 fodiantur,
1240 841 1316 894 tunc
1340 831 1380 895 de
1403 832 1592 900 fluminibus

443 936 503 991 aut
531 927 572 990 de
599 927 718 1012 glareis
748 927 954 993 excernenda
987 932 1050 994 erit
1077 940 1133 994 aru
1162 930 1202 995 de
1231 931 1325 997 litore
1353 934 1489 998 marino.
1534 936 1593 1000 sed

444 1030 574 1094 marina
601 1028 722 1093 harena
744 1030 779 1093 in
802 1032 972 1095 structuris
996 1030 1056 1096 hoe
1081 1034 1196 1097 vitium
1220 1034 1335 1116 habet,
1365 1034 1458 1098 tarde
1480 1037 1592 1101 siccat.

443 1130 533 1194 unde
555 1133 682 1196 onerari
705 1153 740 1197 se
762 1134 965 1196 continenter
992 1156 1056 1198 non
1079 1136 1211 1221 patitur.
1256 1137 1320 1201 nisi
1343 1137 1591 1203 intermissioni-

406 1232 507 1297 tbus
534 1235 732 1319 requieverit
760 1257 857 1321 opus,
886 1234 1031 1321 pondere
1058 1248 1194 1321 gravata
1222 1248 1385 1302 structura
1413 1250 1590 1326 rumpetur.

445 1336 581 1398 cameris
616 1336 713 1399 etiam
742 1334 862 1401 salsum
898 1359 1042 1401 umorem
1073 1339 1269 1404 remittendo
1304 1341 1473 1404 tectorium
1508 1365 1588 1429 epus

444 1457 542 1522 saepe
563 1436 708 1500 resolvit.
752 1437 905 1502 fossiciae
928 1460 1006 1503 vere
1030 1439 1178 1503 celeriter
1200 1441 1382 1505 siccescunt
1398 1450 1429 1504 ot
1452 1445 1589 1507 tectoria

442 1560 509 1601 non
530 1536 664 1602 laedunt
687 1548 718 1602 et
740 1541 1037 1604 concamerationes
1064 1539 1189 1605 utiliter
1211 1539 1368 1625 obligant.
1413 1542 1471 1606 sed
1484 1543 1589 1608 fossi-

443 1640 513 1703 ciae
535 1650 681 1704 recentes
705 1641 815 1704 statim
838 1642 872 1704 in
893 1652 1073 1707 structuras
1090 1643 1176 1707 mitti
1199 1641 1329 1706 debent.
1368 1641 1489 1707 fortius·
1502 1646 1589 1708 enim

389 1756 423 1804 10
444 1739 723 1828 comprehendunt
750 1752 928 1806 caementa.
973 1766 1048 1807 nam
1071 1746 1099 1808 si
1122 1743 1183 1808 sub
1217 1742 1284 1808 sele
1313 1744 1434 1808 diutius
1467 1745 1590 1810 fuerint

440 1852 499 1906 aut
520 1841 682 1908 imbribus
698 1845 889 1930 pruinisque
906 1843 1039 1927 solutae,
1064 1855 1096 1909 ct
1111 1855 1254 1909 torrosae
1271 1854 1303 1908 et
1319 1846 1478 1910 evanidae
1495 1846 1587 1912 fiunt.

438 1944 593 2009 fossiciae
626 1945 736 2030 itaque
767 1967 840 2009 cum
868 1956 1015 2010 recentes
1044 1956 1136 2029 sunt,
1171 1947 1305 2010 tectorio
1337 1948 1425 2033 operi
1457 1959 1589 2034 propter

439 2044 676 2132 pinguedinem
698 2068 763 2110 non
786 2048 995 2112 conveniunt.
1032 2048 1219 2111 fluviatieae
1241 2058 1349 2111 autem
1371 2059 1505 2135 propter
1521 2073 1585 2112 ma-

438 2148 589 2212 critatem
623 2149 751 2233 signino
785 2150 874 2235 operi
903 2150 1154 2233 incongruentes
1188 2158 1282 2231 sunt,
1318 2148 1389 2233 sed¹
1410 2149 1586 2215 iaculorum

384 2264 417 2314 15
438 2247 688 2315 subactionibus
726 2252 760 2314 in
793 2251 928 2315 tectorio
966 2272 1063 2338 opere
1099 2252 1261 2338 recipiunt
1298 2249 1507 2316 soliditatem.
1552 2255 1585 2316 in

437 2352 668 2415 caementicias
690 2362 798 2417 autem
821 2361 999 2417 structuras
1022 2375 1104 2439 pura
1126 2353 1246 2416 harena
1267 2353 1427 2417 mittatur.

472 2479 478 2485 ·
525 2450 610 2516 Oalx
637 2454 748 2539 itaque
776 2452 817 2517 de
839 2452 913 2518 albo
936 2476 1015 2517 saxo
1045 2453 1096 2517 vel
1127 2454 1284 2520 tiburtino
1313 2464 1370 2518 aut
1398 2454 1737 2559 columbinofflqfiffih

436 2551 593 2617 fluviatili
620 2565 777 2641 coquatur
809 2565 865 2620 aut
893 2555 991 2620 rubro
1020 2564 1076 2618 aut
1104 2557 1250 2642 spongia.
1297 2578 1378 2642 quae
1408 2558 1494 2620 enim
1523 2560 1583 2622 erit
1604 2570 1724 2623 piamun.

437 2677 481 2718 ex
509 2656 614 2743 spisse
638 2666 670 2720 et
692 2655 773 2721 duro
801 2679 898 2740 saxo,
927 2656 1052 2722 utiliter
1075 2658 1246 2720 structuris
1270 2658 1453 2720 conveniet.
1499 2680 1582 2743 quae
1597 2654 1659 2754 tigit·
1668 2657 1736 2754 1?ng

378 2776 415 2824 20
436 2766 547 2820 autem
571 2779 612 2820 ex
634 2755 780 2823 fistuloso
802 2767 858 2823 aut
881 2758 1016 2823 exiliore
1040 2755 1148 2844 lapide
1170 2756 1279 2839 fuerit,
1304 2759 1476 2821 conveniet
1492 2759 1582 2843 operi

437 2859 585 2923 tectorio.
623 2861 657 2923 in
680 2860 911 2926 commixtione
932 2860 975 2925 ad
999 2861 1077 2924 duas
1105 2867 1213 2945 partes
1237 2856 1375 2922 harenae
1397 2880 1461 2922 una
1484 2856 1582 2922 calcis

437 2961 596 3025 mittatur.
640 2963 674 3025 in
696 2961 850 3027 fluviatili
871 2974 980 3027 autem
1002 2962 1121 3025 harena
1136 2961 1165 3024 si
1188 2961 1316 3025 tertiam
1338 2970 1461 3046 partem
1479 2969 1583 3023 testae

438 3070 546 3126 cretae
567 3060 748 3146 addideris,
771 3066 885 3128 miram
907 3062 1106 3129 soliditatem
1129 3063 1236 3149 operis
1259 3060 1448 3147 praestabit.

522 3163 680 3228 Faciendi
702 3174 809 3230 autem
832 3164 949 3229 lateres
972 3173 1048 3229 sunt
1071 3187 1113 3227 ex
1136 3174 1221 3228 terra
1243 3161 1317 3227 alba
1340 3162 1393 3226 vel
1408 3169 1504 3225 'creta
1526 3161 1580 3225 vel
1597 3176 1669 3268 >23¹qu
1683 3178 1723 3268 qu

382 3283 419 3332 ‘st
437 3264 568 3329 rubrica
595 3275 651 3330 aut
679 3264 833 3330 sabulone
861 3265 1014 3330 masculo.
1058 3266 1138 3329 haee
1165 3287 1284 3349 genera
1312 3275 1416 3329 torrae
1446 3272 1580 3350 propter
1619 3255 1706 3320 rusius.

438 3365 605 3432 levitatem
638 3367 772 3433 fortiora
805 3377 881 3432 sunt
912 3367 1013 3453 operi.
1058 3375 1165 3429 cetera
1197 3389 1316 3451 genera
1345 3365 1495 3453 quoniam
1524 3374 1580 3428 aut
1595 3362 1732 3464 ul„{}[·(ffq{⁵q

437 3469 553 3551 gravia
575 3473 651 3535 ¹sunt
672 3478 729 3534 arrt
755 3468 864 3556 paleas
887 3491 952 3533 non
975 3467 1142 3533 continent
1165 3478 1221 3533 aut
1244 3490 1354 3534 umore
1378 3488 1492 3553 sparsa
1515 3466 1579 3530 cito

504 3766 520 3811 3
544 3762 633 3812 siccat
660 3759 794 3824 (siccatur
819 3760 885 3823 cd.):
915 3760 1024 3809 siccant
1049 3775 1098 3824 app
1128 3758 1173 3823 (rs.
1202 3763 1264 3817 296,
1294 3763 1334 3809 20.
1361 3763 1419 3813 302.
1445 3761 1470 3807 8.
1494 3757 1548 3817 27),
1566 3755 1578 3819 ll

436 3848 452 3895 8
476 3846 735 3896 concamarationes
762 3845 820 3906 (red
845 3851 921 3894 antea
943 3862 965 3894 a.
989 3848 1005 3892 ὂ
1030 3841 1157 3907 cameris)
1185 3859 1241 3907 app
1272 3839 1283 3906 ll
1311 3845 1340 3890 11
1365 3841 1524 3905 pruinisque
1551 3855 1578 3888 v:

436 3930 585 3994 primisque
601 3945 636 3995 pn
655 3929 713 3993 (sed
729 3932 783 3979 vitii
798 3932 894 3993 sinuum
912 3930 972 3978 add.
989 3938 1028 3992 pc,
1046 3935 1073 3977 ut
1090 3944 1170 3992 supra
1187 3926 1309 3990 suemus).
1333 3921 1345 3989 Η
1369 3923 1502 3973 evanidas
1522 3925 1577 3974 ed:

436 4013 555 4064 vanidae
573 4031 629 4079 app.
648 4011 659 4080 Η
678 4017 708 4063 12
727 4014 857 4064 fossiciae
876 4029 902 4064 a:
923 4012 1024 4063 lessies
1044 4010 1104 4078 (Ἴ
1115 4011 1142 4076 9)
1160 4027 1202 4075 pp.
1226 4007 1238 4075 ΙΙ
1263 4011 1293 4059 13
1311 4023 1365 4057 nen
1389 4024 1435 4059 om.
1458 4022 1507 4071 epp
1532 4004 1577 4069 (etr

440 4098 506 4148 Ver.
525 4100 586 4152 add.
606 4098 689 4162 Mur).
711 4094 724 4164 [Ι
747 4100 778 4147 14
796 4097 947 4147 iaculorum
966 4096 1027 4161 (pro
1046 4094 1216 4158 baculorum)
1240 4109 1289 4158 app
1312 4095 1348 4155 (et
1366 4094 1403 4142 sic
1425 4092 1474 4140 iam
1493 4097 1579 4140 teretur

440 4201 549 4251 Vitraeii
570 4216 640 4266 quem
657 4199 743 4250 babuit
761 4198 931 4264 epitomater).
952 4195 964 4264 ΙΙ
986 4199 1017 4248 18
1036 4184 1118 4245 rubrd
1134 4212 1160 4259 p.
1180 4189 1192 4260 ll
1217 4194 1333 4259 spongia
1353 4190 1459 4257 (Parum
1480 4190 1578 4255 fungia

435 4319 456 4361 a,
474 4302 586 4368 sfungia
602 4317 645 4366 pp.
669 4297 681 4367 Η
703 4303 736 4350 20
756 4282 887 4351 exe'ilrore
906 4299 971 4359 (curu
988 4300 1042 4349 vitii
1058 4298 1143 4362 ripae,
1163 4302 1189 4345 at
1207 4294 1319 4359 saepius)
1338 4312 1360 4345 a.
1385 4290 1396 4358 ll
1418 4294 1450 4341 22
1470 4297 1578 4342 autem:

440 4394 452 4431 s
473 4403 486 4435 a
505 4385 545 4449 (at
562 4401 642 4452 supra
660 4388 720 4448 294,
739 4384 795 4449 23).
819 4383 831 4450 ΙΙ
854 4387 886 4435 23
905 4382 1041 4433 addideris
1058 4391 1100 4447 θῦε
1126 4380 1235 4431 adderis
1257 4396 1288 4445 ap
1308 4385 1331 4429 et
1351 4384 1409 4428 (aue
1432 4393 1499 4428 corr.
1516 4394 1541 4442 p.
1563 4374 1575 4442 Η

436 4473 468 4521 26
486 4470 602 4521 sablone
621 4488 661 4535 ap,
681 4469 796 4520 sablono
813 4485 837 4534 p.
859 4466 871 4536 ll
894 4470 926 4518 26
945 4483 1029 4532 opera
1048 4473 1106 4516 aute
1125 4463 1195 4529 (ips.)
1214 4480 1282 4517 corr.
1300 4480 1325 4528 p.
1342 4460 1354 4529 ΙΙ
1373 4462 1514 4528 quoniam:
1539 4464 1577 4511 sic

435 4553 516 4618 (quo)
532 4571 590 4619 any.
615 4550 628 4621 ll
652 4556 685 4604 27
708 4553 818 4603 humore
842 4569 939 4619 sparsa
962 4552 1018 4601 cito
1042 4549 1203 4600 solvuntur.
1217 4556 1363 4613 propterea
1386 4546 1405 4595 f.
1430 4562 1455 4596 a:
1484 4544 1576 4595 humo-

435 4653 479 4689 res
506 4653 570 4703 pars
597 4642 743 4703 prepterea
771 4638 825 4687 cito
852 4636 994 4688 solvuntur
1014 4634 1032 4684 f.
1059 4650 1094 4699 pp
1123 4632 1179 4697 (sed
1206 4634 1260 4684 uitii
1285 4634 1380 4698 siparum
1406 4647 1486 4696 supra
1512 4646 1575 4697 pars

435 4724 494 4773 cdd.
512 4721 563 4787 pc).
