<?xml version="1.0" encoding="UTF-8"?>
<!DOCTYPE html PUBLIC "-//W3C//DTD XHTML 1.0 Transitional//EN"
    "http://www.w3.org/TR/xhtml1/DTD/xhtml1-transitional.dtd">
<html xmlns="http://www.w3.org/1999/xhtml" xml:lang="en" lang="en">
 <head>
  <title>
</title>
<meta http-equiv="Content-Type" content="text/html;charset=utf-8" />
  <meta name='ocr-system' content='tesseract 3.04.00' />
  <meta name='ocr-capabilities' content='ocr_page ocr_carea ocr_par ocr_line ocrx_word'/>
</head>
<body>
  <div class='ocr_page' id='page_1' title='image "./vitruviidearchi00strgoog_0081.png"; bbox 0 0 3984 5825; ppageno 0'>
   <div class='ocr_carea' id='block_1_1' title="bbox 499 637 1149 699">
    <p class='ocr_par' dir='ltr' id='par_1_1' title="bbox 499 637 1149 699">
     <span class='ocr_line' id='line_1_1' title="bbox 499 637 1149 699; baseline -0.003 -1"><span class='ocrx_word' id='word_1_1' title='bbox 499 637 541 698; x_wconf 79' lang='grc'>62</span> <span class='ocrx_word' id='word_1_2' title='bbox 991 651 1149 699; x_wconf 83' lang='lat' dir='ltr'>vrrsuvu</span> 
     </span>
    </p>
   </div>
   <div class='ocr_carea' id='block_1_2' title="bbox 444 800 1752 2208">
    <p class='ocr_par' dir='ltr' id='par_1_2' title="bbox 498 800 1682 1091">
     <span class='ocr_line' id='line_1_2' title="bbox 498 800 1648 889; baseline -0.002 -23"><span class='ocrx_word' id='word_1_3' title='bbox 498 804 695 885; x_wconf 89' lang='lat' dir='ltr'>infernates,</span> <span class='ocrx_word' id='word_1_4' title='bbox 729 802 815 889; x_wconf 90' lang='lat' dir='ltr'>quod</span> <span class='ocrx_word' id='word_1_5' title='bbox 838 824 880 865; x_wconf 88' lang='lat' dir='ltr'>ex</span> <span class='ocrx_word' id='word_1_6' title='bbox 901 804 1023 887; x_wconf 89' lang='lat' dir='ltr'>apricis</span> <span class='ocrx_word' id='word_1_7' title='bbox 1045 803 1125 866; x_wconf 88' lang='lat' dir='ltr'>locis</span> <span class='ocrx_word' id='word_1_8' title='bbox 1147 801 1375 888; x_wconf 84' lang='lat' dir='ltr'>adportentur,</span> <span class='ocrx_word' id='word_1_9' title='bbox 1398 800 1549 865; x_wconf 91' lang='lat' dir='ltr'>meliores</span> <span class='ocrx_word' id='word_1_10' title='bbox 1573 812 1648 865; x_wconf 91' lang='lat' dir='ltr'>sunt</span> 
     </span>
     <span class='ocr_line' id='line_1_3' title="bbox 499 886 1516 992; baseline -0.002 -25"><span class='ocrx_word' id='word_1_11' title='bbox 499 927 598 992; x_wconf 81' lang='lat' dir='ltr'>qua-m</span> <span class='ocrx_word' id='word_1_12' title='bbox 621 926 705 990; x_wconf 91' lang='lat' dir='ltr'>quae</span> <span class='ocrx_word' id='word_1_13' title='bbox 727 904 769 968; x_wconf 93' lang='lat' dir='ltr'>ab</span> <span class='ocrx_word' id='word_1_14' title='bbox 791 905 902 990; x_wconf 80' lang='lat' dir='ltr'>opacis</span> <span class='ocrx_word' id='word_1_15' title='bbox 925 903 967 966; x_wconf 90' lang='lat' dir='ltr'>de</span> <span class='ocrx_word' id='word_1_16' title='bbox 989 903 1219 988; x_wconf 84' lang='lat' dir='ltr'><strong>supernatibus</strong></span> <span class='ocrx_word' id='word_1_17' title='bbox 1241 902 1456 966; x_wconf 83' lang='lat' dir='ltr'>advehuntur.</span> <span class='ocrx_word' id='word_1_18' title='bbox 1508 886 1516 894; x_wconf 42' lang='lat'>¹</span> 
     </span>
     <span class='ocr_line' id='line_1_4' title="bbox 584 1004 1682 1091; baseline -0.005 -20"><span class='ocrx_word' id='word_1_19' title='bbox 584 1007 752 1087; x_wconf 77' lang='lat' dir='ltr'>Quantum</span> <span class='ocrx_word' id='word_1_20' title='bbox 779 1007 887 1069; x_wconf 90' lang='lat' dir='ltr'>animo</span> <span class='ocrx_word' id='word_1_21' title='bbox 910 1004 1117 1069; x_wconf 89' lang='lat' dir='ltr'>considerare</span> <span class='ocrx_word' id='word_1_22' title='bbox 1139 1006 1245 1091; x_wconf 88' lang='lat' dir='ltr'>potui,</span> <span class='ocrx_word' id='word_1_23' title='bbox 1276 1005 1317 1068; x_wconf 91' lang='lat' dir='ltr'>de</span> <span class='ocrx_word' id='word_1_24' title='bbox 1340 1005 1441 1089; x_wconf 89' lang='lat' dir='ltr'>copiis</span> <span class='ocrx_word' id='word_1_25' title='bbox 1465 1025 1548 1089; x_wconf 91' lang='lat' dir='ltr'>quae</span> <span class='ocrx_word' id='word_1_26' title='bbox 1571 1014 1682 1068; x_wconf 89' lang='lat' dir='ltr'>sunt3</span> 
     </span>
    </p>

    <p class='ocr_par' dir='ltr' id='par_1_3' title="bbox 496 1105 1645 1193">
     <span class='ocr_line' id='line_1_5' title="bbox 496 1105 1645 1193; baseline -0.003 -20"><span class='ocrx_word' id='word_1_27' title='bbox 496 1109 699 1173; x_wconf 82' lang='lat' dir='ltr'>necessariae</span> <span class='ocrx_word' id='word_1_28' title='bbox 725 1110 760 1170; x_wconf 94' lang='lat' dir='ltr'>in</span> <span class='ocrx_word' id='word_1_29' title='bbox 787 1106 1010 1171; x_wconf 91' lang='lat' dir='ltr'>aedificiorum</span> <span class='ocrx_word' id='word_1_30' title='bbox 1038 1105 1333 1192; x_wconf 90' lang='lat' dir='ltr'>comparationibus</span> <span class='ocrx_word' id='word_1_31' title='bbox 1363 1115 1395 1170; x_wconf 92' lang='lat' dir='ltr'>et</span> <span class='ocrx_word' id='word_1_32' title='bbox 1423 1105 1541 1193; x_wconf 91' lang='lat' dir='ltr'>quibus</span> <span class='ocrx_word' id='word_1_33' title='bbox 1564 1116 1645 1170; x_wconf 91' lang='lat' dir='ltr'>tem-</span> 
     </span>
    </p>

    <p class='ocr_par' dir='ltr' id='par_1_4' title="bbox 463 1206 1696 1702">
     <span class='ocr_line' id='line_1_6' title="bbox 463 1206 1647 1295; baseline -0.003 -22"><span class='ocrx_word' id='word_1_34' title='bbox 463 1211 659 1295; x_wconf 75' lang='lat' dir='ltr'>eperaturis</span> <span class='ocrx_word' id='word_1_35' title='bbox 697 1233 715 1273; x_wconf 91' lang='lat' dir='ltr'>e</span> <span class='ocrx_word' id='word_1_36' title='bbox 750 1231 860 1272; x_wconf 90' lang='lat' dir='ltr'>rerum</span> <span class='ocrx_word' id='word_1_37' title='bbox 895 1219 1011 1272; x_wconf 91' lang='lat' dir='ltr'>natura</span> <span class='ocrx_word' id='word_1_38' title='bbox 1049 1208 1282 1293; x_wconf 73' lang='lat' dir='ltr'>principiorum</span> <span class='ocrx_word' id='word_1_39' title='bbox 1318 1206 1438 1271; x_wconf 91' lang='lat' dir='ltr'>habere</span> <span class='ocrx_word' id='word_1_40' title='bbox 1470 1206 1647 1272; x_wconf 88' lang='lat' dir='ltr'>videantur</span> 
     </span>
     <span class='ocr_line' id='line_1_7' title="bbox 496 1308 1646 1397; baseline -0.002 -23"><span class='ocrx_word' id='word_1_41' title='bbox 496 1313 689 1375; x_wconf 88' lang='lat' dir='ltr'>mixtionem</span> <span class='ocrx_word' id='word_1_42' title='bbox 713 1333 859 1397; x_wconf 90' lang='lat' dir='ltr'>quaeque</span> <span class='ocrx_word' id='word_1_43' title='bbox 882 1311 994 1374; x_wconf 89' lang='lat' dir='ltr'>insunt</span> <span class='ocrx_word' id='word_1_44' title='bbox 1016 1311 1051 1373; x_wconf 91' lang='lat' dir='ltr'>in</span> <span class='ocrx_word' id='word_1_45' title='bbox 1074 1308 1211 1394; x_wconf 80' lang='lat' dir='ltr'>singulis</span> <span class='ocrx_word' id='word_1_46' title='bbox 1239 1308 1414 1393; x_wconf 86' lang='lat' dir='ltr'>generibus</span> <span class='ocrx_word' id='word_1_47' title='bbox 1444 1311 1585 1372; x_wconf 87' lang='lat' dir='ltr'>virtutes</span> <span class='ocrx_word' id='word_1_48' title='bbox 1614 1318 1646 1372; x_wconf 89' lang='lat' dir='ltr'>et</span> 
     </span>
     <span class='ocr_line' id='line_1_8' title="bbox 495 1410 1644 1497; baseline 0.001 -22"><span class='ocrx_word' id='word_1_49' title='bbox 495 1414 589 1494; x_wconf 91' lang='lat' dir='ltr'>vitia,</span> <span class='ocrx_word' id='word_1_50' title='bbox 611 1414 661 1476; x_wconf 90' lang='lat' dir='ltr'>uti</span> <span class='ocrx_word' id='word_1_51' title='bbox 682 1435 748 1476; x_wconf 92' lang='lat' dir='ltr'>non</span> <span class='ocrx_word' id='word_1_52' title='bbox 771 1413 838 1477; x_wconf 92' lang='lat' dir='ltr'>sint</span> <span class='ocrx_word' id='word_1_53' title='bbox 858 1411 972 1496; x_wconf 82' lang='lat' dir='ltr'>igirota</span> <span class='ocrx_word' id='word_1_54' title='bbox 993 1410 1241 1474; x_wconf 86' lang='lat' dir='ltr'>aedificantibus</span> <span class='ocrx_word' id='word_1_55' title='bbox 1264 1412 1410 1496; x_wconf 84' lang='lat' dir='ltr'>exposui.</span> <span class='ocrx_word' id='word_1_56' title='bbox 1447 1412 1494 1475; x_wconf 85' lang='lat' dir='ltr'>ita</span> <span class='ocrx_word' id='word_1_57' title='bbox 1516 1412 1573 1497; x_wconf 94' lang='lat' dir='ltr'>qui</span> <span class='ocrx_word' id='word_1_58' title='bbox 1588 1435 1644 1496; x_wconf 94' lang='lat' dir='ltr'>po·</span> 
     </span>
     <span class='ocr_line' id='line_1_9' title="bbox 494 1511 1696 1600; baseline -0.002 -23"><span class='ocrx_word' id='word_1_59' title='bbox 494 1515 618 1579; x_wconf 91' lang='lat' dir='ltr'>tuerint</span> <span class='ocrx_word' id='word_1_60' title='bbox 640 1536 751 1578; x_wconf 91' lang='lat' dir='ltr'>eorum</span> <span class='ocrx_word' id='word_1_61' title='bbox 773 1522 1021 1600; x_wconf 90' lang='lat' dir='ltr'>praeceptorum</span> <span class='ocrx_word' id='word_1_62' title='bbox 1043 1513 1136 1598; x_wconf 91' lang='lat' dir='ltr'>sequi</span> <span class='ocrx_word' id='word_1_63' title='bbox 1157 1513 1431 1599; x_wconf 79' lang='lat' dir='ltr'>praescriptiones</span> <span class='ocrx_word' id='word_1_64' title='bbox 1454 1520 1660 1597; x_wconf 76' lang='lat' dir='ltr'>eruntpru-·</span> <span class='ocrx_word' id='word_1_65' title='bbox 1692 1511 1696 1516; x_wconf 83' lang='grc'><strong>’</strong></span> 
     </span>
     <span class='ocr_line' id='line_1_10' title="bbox 495 1613 1645 1702; baseline -0.003 -22"><span class='ocrx_word' id='word_1_66' title='bbox 495 1617 675 1699; x_wconf 88' lang='lat' dir='ltr'>dentiores,</span> <span class='ocrx_word' id='word_1_67' title='bbox 700 1617 966 1702; x_wconf 88' lang='lat' dir='ltr'>singulorumque</span> <span class='ocrx_word' id='word_1_68' title='bbox 987 1637 1145 1700; x_wconf 85' lang='lat' dir='ltr'>generum</span> <span class='ocrx_word' id='word_1_69' title='bbox 1165 1637 1258 1678; x_wconf 92' lang='lat' dir='ltr'>usum</span> <span class='ocrx_word' id='word_1_70' title='bbox 1290 1613 1411 1698; x_wconf 83' lang='lat' dir='ltr'>eligere</span> <span class='ocrx_word' id='word_1_71' title='bbox 1432 1623 1587 1698; x_wconf 89' lang='lat' dir='ltr'>poterunt</span> <span class='ocrx_word' id='word_1_72' title='bbox 1609 1615 1645 1676; x_wconf 92' lang='lat' dir='ltr'>in</span> 
     </span>
    </p>

    <p class='ocr_par' dir='ltr' id='par_1_5' title="bbox 444 1714 1752 2208">
     <span class='ocr_line' id='line_1_11' title="bbox 444 1714 1643 1805; baseline -0.004 -22"><span class='ocrx_word' id='word_1_73' title='bbox 444 1736 477 1784; x_wconf 89' lang='lat'>10</span> <span class='ocrx_word' id='word_1_74' title='bbox 494 1719 658 1805; x_wconf 90' lang='lat' dir='ltr'>operibus.</span> <span class='ocrx_word' id='word_1_75' title='bbox 707 1740 784 1802; x_wconf 84' lang='lat' dir='ltr'>ergo</span> <span class='ocrx_word' id='word_1_76' title='bbox 813 1719 965 1804; x_wconf 87' lang='lat' dir='ltr'>quoniam</span> <span class='ocrx_word' id='word_1_77' title='bbox 993 1717 1036 1780; x_wconf 90' lang='lat' dir='ltr'>de</span> <span class='ocrx_word' id='word_1_78' title='bbox 1062 1716 1327 1802; x_wconf 87' lang='lat' dir='ltr'>apparationibus</span> <span class='ocrx_word' id='word_1_79' title='bbox 1356 1723 1406 1781; x_wconf 86' lang='lat' dir='ltr'>est</span> <span class='ocrx_word' id='word_1_80' title='bbox 1430 1714 1643 1802; x_wconf 88' lang='lat' dir='ltr'>explicatum,</span> 
     </span>
     <span class='ocr_line' id='line_1_12' title="bbox 494 1816 1752 1905; baseline -0.004 -22"><span class='ocrx_word' id='word_1_81' title='bbox 494 1821 529 1883; x_wconf 93' lang='lat' dir='ltr'>in</span> <span class='ocrx_word' id='word_1_82' title='bbox 552 1821 667 1884; x_wconf 88' lang='lat' dir='ltr'>ceteris</span> <span class='ocrx_word' id='word_1_83' title='bbox 692 1818 912 1884; x_wconf 81' lang='lat' dir='ltr'>voluminibus</span> <span class='ocrx_word' id='word_1_84' title='bbox 934 1819 976 1882; x_wconf 93' lang='lat' dir='ltr'>de</span> <span class='ocrx_word' id='word_1_85' title='bbox 997 1819 1080 1905; x_wconf 91' lang='lat' dir='ltr'>ipsis</span> <span class='ocrx_word' id='word_1_86' title='bbox 1101 1816 1260 1881; x_wconf 86' lang='lat' dir='ltr'>aedificiis</span> <span class='ocrx_word' id='word_1_87' title='bbox 1288 1825 1484 1902; x_wconf 76' lang='lat' dir='ltr'>exponetur,</span> <span class='ocrx_word' id='word_1_88' title='bbox 1514 1827 1548 1880; x_wconf 91' lang='lat' dir='ltr'>et</span> <span class='ocrx_word' id='word_1_89' title='bbox 1575 1819 1643 1903; x_wconf 91' lang='lat' dir='ltr'>pri·</span> <span class='ocrx_word' id='word_1_90' title='bbox 1740 1870 1752 1887; x_wconf 71' lang='grc'>,</span> 
     </span>
     <span class='ocr_line' id='line_1_13' title="bbox 494 1917 1643 1985; baseline -0.002 -2"><span class='ocrx_word' id='word_1_91' title='bbox 494 1943 582 1985; x_wconf 89' lang='lat' dir='ltr'>mum</span> <span class='ocrx_word' id='word_1_92' title='bbox 613 1921 654 1985; x_wconf 91' lang='lat' dir='ltr'>de</span> <span class='ocrx_word' id='word_1_93' title='bbox 687 1921 822 1985; x_wconf 90' lang='lat' dir='ltr'>deorum</span> <span class='ocrx_word' id='word_1_94' title='bbox 856 1919 1077 1984; x_wconf 86' lang='lat' dir='ltr'>inmortalium</span> <span class='ocrx_word' id='word_1_95' title='bbox 1103 1919 1240 1983; x_wconf 89' lang='lat' dir='ltr'>aedibus</span> <span class='ocrx_word' id='word_1_96' title='bbox 1269 1919 1369 1981; x_wconf 87' lang='lat' dir='ltr'>saeris</span> <span class='ocrx_word' id='word_1_97' title='bbox 1392 1926 1430 1980; x_wconf 86' lang='lat' dir='ltr'>et</span> <span class='ocrx_word' id='word_1_98' title='bbox 1458 1917 1500 1980; x_wconf 92' lang='lat' dir='ltr'>de</span> <span class='ocrx_word' id='word_1_99' title='bbox 1530 1939 1643 1981; x_wconf 89' lang='lat' dir='ltr'>earum</span> 
     </span>
     <span class='ocr_line' id='line_1_14' title="bbox 493 2017 1642 2110; baseline -0.003 -25"><span class='ocrx_word' id='word_1_100' title='bbox 493 2024 692 2110; x_wconf 85' lang='lat' dir='ltr'>symmetriis</span> <span class='ocrx_word' id='word_1_101' title='bbox 726 2032 759 2085; x_wconf 89' lang='lat' dir='ltr'>et</span> <span class='ocrx_word' id='word_1_102' title='bbox 784 2021 1066 2107; x_wconf 85' lang='lat' dir='ltr'>proportionibus,</span> <span class='ocrx_word' id='word_1_103' title='bbox 1094 2021 1144 2084; x_wconf 92' lang='lat' dir='ltr'>uti</span> <span class='ocrx_word' id='word_1_104' title='bbox 1171 2019 1250 2084; x_wconf 92' lang='lat' dir='ltr'>ordo</span> <span class='ocrx_word' id='word_1_105' title='bbox 1271 2017 1431 2104; x_wconf 88' lang='lat' dir='ltr'>postulat,</span> <span class='ocrx_word' id='word_1_106' title='bbox 1453 2020 1642 2106; x_wconf 89' lang='lat' dir='ltr'>insequenti</span> 
     </span>
     <span class='ocr_line' id='line_1_15' title="bbox 493 2123 702 2208; baseline 0 -23"><span class='ocrx_word' id='word_1_107' title='bbox 493 2123 702 2208; x_wconf 85' lang='lat' dir='ltr'>perscribam.</span> 
     </span>
    </p>
   </div>
   <div class='ocr_carea' id='block_1_3' title="bbox 737 2511 1343 2617">
    <p class='ocr_par' dir='ltr' id='par_1_6' title="bbox 737 2511 1343 2617">
     <span class='ocr_line' id='line_1_16' title="bbox 737 2511 1343 2617; baseline -0.003 -30"><span class='ocrx_word' id='word_1_108' title='bbox 737 2582 739 2587; x_wconf 78' lang='grc'>,</span> <span class='ocrx_word' id='word_1_109' title='bbox 785 2511 1343 2617; x_wconf 70' lang='lat' dir='ltr'>transrenanos.</span> 
     </span>
    </p>
   </div>
   <div class='ocr_carea' id='block_1_4' title="bbox 413 2759 1673 3761">
    <p class='ocr_par' dir='ltr' id='par_1_7' title="bbox 413 2759 1673 3761">
     <span class='ocr_line' id='line_1_17' title="bbox 442 2759 1673 2851; baseline 0 -29"><span class='ocrx_word' id='word_1_110' title='bbox 442 2778 474 2825; x_wconf 81' lang='lat'>16</span> <span class='ocrx_word' id='word_1_111' title='bbox 575 2759 756 2848; x_wconf 90' lang='lat' dir='ltr'>Delphicus</span> <span class='ocrx_word' id='word_1_112' title='bbox 777 2765 897 2851; x_wconf 90' lang='lat' dir='ltr'>Apollo</span> <span class='ocrx_word' id='word_1_113' title='bbox 919 2765 1086 2830; x_wconf 87' lang='lat' dir='ltr'>Socratem</span> <span class='ocrx_word' id='word_1_114' title='bbox 1109 2767 1253 2830; x_wconf 90' lang='lat' dir='ltr'>omnium</span> <span class='ocrx_word' id='word_1_115' title='bbox 1274 2764 1550 2851; x_wconf 89' lang='lat' dir='ltr'>sapientissimum</span> <span class='ocrx_word' id='word_1_116' title='bbox 1570 2765 1638 2849; x_wconf 90' lang='lat' dir='ltr'>Py·</span> <span class='ocrx_word' id='word_1_117' title='bbox 1659 2774 1673 2822; x_wconf 88' lang='lat'><em>1</em></span> 
     </span>
     <span class='ocr_line' id='line_1_18' title="bbox 413 2858 1639 2955; baseline 0.001 -29"><span class='ocrx_word' id='word_1_118' title='bbox 413 2858 417 2866; x_wconf 70' lang='lat'><em>&#39;</em></span> <span class='ocrx_word' id='word_1_119' title='bbox 490 2861 579 2927; x_wconf 87' lang='lat' dir='ltr'>thiae</span> <span class='ocrx_word' id='word_1_120' title='bbox 593 2865 758 2952; x_wconf 88' lang='lat' dir='ltr'>responsis</span> <span class='ocrx_word' id='word_1_121' title='bbox 775 2876 825 2931; x_wconf 89' lang='lat' dir='ltr'>est</span> <span class='ocrx_word' id='word_1_122' title='bbox 846 2868 1036 2955; x_wconf 68' lang='lat' dir='ltr'>professus.</span> <span class='ocrx_word' id='word_1_123' title='bbox 1067 2870 1096 2934; x_wconf 90' lang='lat' dir='ltr'>is</span> <span class='ocrx_word' id='word_1_124' title='bbox 1111 2878 1220 2932; x_wconf 86' lang='lat' dir='ltr'>autern</span> <span class='ocrx_word' id='word_1_125' title='bbox 1241 2877 1438 2932; x_wconf 89' lang='lat' dir='ltr'>memoratur</span> <span class='ocrx_word' id='word_1_126' title='bbox 1457 2864 1639 2953; x_wconf 84' lang='lat' dir='ltr'>prudenter</span> 
     </span>
     <span class='ocr_line' id='line_1_19' title="bbox 490 2966 1639 3057; baseline 0.003 -29"><span class='ocrx_word' id='word_1_127' title='bbox 490 2966 744 3054; x_wconf 87' lang='lat' dir='ltr'>doctissimeque</span> <span class='ocrx_word' id='word_1_128' title='bbox 760 2968 896 3053; x_wconf 84' lang='lat' dir='ltr'>dixisse,</span> <span class='ocrx_word' id='word_1_129' title='bbox 919 2972 1101 3057; x_wconf 86' lang='lat' dir='ltr'>oportuisse</span> <span class='ocrx_word' id='word_1_130' title='bbox 1116 2971 1282 3034; x_wconf 93' lang='lat' dir='ltr'>hominum</span> <span class='ocrx_word' id='word_1_131' title='bbox 1304 2980 1436 3055; x_wconf 87' lang='lat' dir='ltr'>pectora</span> <span class='ocrx_word' id='word_1_132' title='bbox 1456 2968 1639 3032; x_wconf 87' lang='lat' dir='ltr'>fenestrata</span> 
     </span>
     <span class='ocr_line' id='line_1_20' title="bbox 490 3070 1638 3157; baseline 0.003 -27"><span class='ocrx_word' id='word_1_133' title='bbox 490 3078 522 3131; x_wconf 90' lang='lat' dir='ltr'>et</span> <span class='ocrx_word' id='word_1_134' title='bbox 536 3080 649 3156; x_wconf 89' lang='lat' dir='ltr'>aperta</span> <span class='ocrx_word' id='word_1_135' title='bbox 671 3092 753 3153; x_wconf 88' lang='lat' dir='ltr'>esse,</span> <span class='ocrx_word' id='word_1_136' title='bbox 775 3072 825 3134; x_wconf 91' lang='lat' dir='ltr'>uti</span> <span class='ocrx_word' id='word_1_137' title='bbox 839 3094 905 3136; x_wconf 91' lang='lat' dir='ltr'>nou</span> <span class='ocrx_word' id='word_1_138' title='bbox 926 3071 1069 3136; x_wconf 89' lang='lat' dir='ltr'>occultos</span> <span class='ocrx_word' id='word_1_139' title='bbox 1091 3070 1249 3135; x_wconf 86' lang='lat' dir='ltr'>haberent</span> <span class='ocrx_word' id='word_1_140' title='bbox 1271 3092 1384 3135; x_wconf 89' lang='lat' dir='ltr'>sensus</span> <span class='ocrx_word' id='word_1_141' title='bbox 1406 3070 1466 3134; x_wconf 89' lang='lat' dir='ltr'>sed</span> <span class='ocrx_word' id='word_1_142' title='bbox 1485 3079 1638 3157; x_wconf 89' lang='lat' dir='ltr'>patentes</span> 
     </span>
     <span class='ocr_line' id='line_1_21' title="bbox 438 3168 1637 3236; baseline 0.003 -5"><span class='ocrx_word' id='word_1_143' title='bbox 438 3185 472 3233; x_wconf 79' lang='lat'>20</span> <span class='ocrx_word' id='word_1_144' title='bbox 488 3168 531 3231; x_wconf 91' lang='lat' dir='ltr'>ad</span> <span class='ocrx_word' id='word_1_145' title='bbox 560 3171 843 3235; x_wconf 88' lang='lat' dir='ltr'>considerandum.</span> <span class='ocrx_word' id='word_1_146' title='bbox 897 3173 1023 3236; x_wconf 88' lang='lat' dir='ltr'>utinam</span> <span class='ocrx_word' id='word_1_147' title='bbox 1055 3195 1134 3236; x_wconf 87' lang='lat' dir='ltr'>vero</span> <span class='ocrx_word' id='word_1_148' title='bbox 1160 3194 1269 3235; x_wconf 89' lang='lat' dir='ltr'>rerum</span> <span class='ocrx_word' id='word_1_149' title='bbox 1295 3182 1412 3236; x_wconf 89' lang='lat' dir='ltr'>natura</span> <span class='ocrx_word' id='word_1_150' title='bbox 1439 3173 1637 3236; x_wconf 88' lang='lat' dir='ltr'>sententiam</span> 
     </span>
     <span class='ocr_line' id='line_1_22' title="bbox 489 3271 1636 3361; baseline 0.003 -28"><span class='ocrx_word' id='word_1_151' title='bbox 489 3272 557 3333; x_wconf 87' lang='lat' dir='ltr'>eius</span> <span class='ocrx_word' id='word_1_152' title='bbox 574 3281 684 3334; x_wconf 89' lang='lat' dir='ltr'>secuta</span> <span class='ocrx_word' id='word_1_153' title='bbox 699 3271 862 3358; x_wconf 84' lang='lat' dir='ltr'>explicata</span> <span class='ocrx_word' id='word_1_154' title='bbox 885 3283 917 3336; x_wconf 89' lang='lat' dir='ltr'>et</span> <span class='ocrx_word' id='word_1_155' title='bbox 937 3275 1131 3361; x_wconf 87' lang='lat' dir='ltr'>apparentia</span> <span class='ocrx_word' id='word_1_156' title='bbox 1154 3296 1192 3337; x_wconf 89' lang='lat' dir='ltr'>ea</span> <span class='ocrx_word' id='word_1_157' title='bbox 1214 3274 1449 3337; x_wconf 88' lang='lat' dir='ltr'>constituisset.</span> <span class='ocrx_word' id='word_1_158' title='bbox 1493 3273 1523 3337; x_wconf 91' lang='lat' dir='ltr'>si</span> <span class='ocrx_word' id='word_1_159' title='bbox 1547 3274 1636 3336; x_wconf 91' lang='lat' dir='ltr'>enim</span> 
     </span>
     <span class='ocr_line' id='line_1_23' title="bbox 488 3371 1636 3452; baseline 0.003 -18"><span class='ocrx_word' id='word_1_160' title='bbox 488 3374 534 3434; x_wconf 87' lang='lat' dir='ltr'>ita</span> <span class='ocrx_word' id='word_1_161' title='bbox 556 3371 684 3452; x_wconf 87' lang='lat' dir='ltr'>fuisset,</span> <span class='ocrx_word' id='word_1_162' title='bbox 706 3393 772 3433; x_wconf 94' lang='lat' dir='ltr'>non</span> <span class='ocrx_word' id='word_1_163' title='bbox 794 3371 898 3436; x_wconf 92' lang='lat' dir='ltr'>solum</span> <span class='ocrx_word' id='word_1_164' title='bbox 920 3372 1033 3439; x_wconf 89' lang='lat' dir='ltr'>laudes</span> <span class='ocrx_word' id='word_1_165' title='bbox 1055 3384 1112 3439; x_wconf 91' lang='lat' dir='ltr'>aut</span> <span class='ocrx_word' id='word_1_166' title='bbox 1132 3376 1215 3439; x_wconf 89' lang='lat' dir='ltr'>vitia</span> <span class='ocrx_word' id='word_1_167' title='bbox 1235 3375 1417 3439; x_wconf 89' lang='lat' dir='ltr'>animorum</span> <span class='ocrx_word' id='word_1_168' title='bbox 1437 3373 1481 3437; x_wconf 92' lang='lat' dir='ltr'>ad</span> <span class='ocrx_word' id='word_1_169' title='bbox 1501 3396 1636 3437; x_wconf 89' lang='lat' dir='ltr'>manum</span> 
     </span>
     <span class='ocr_line' id='line_1_24' title="bbox 489 3472 1634 3561; baseline 0.005 -28"><span class='ocrx_word' id='word_1_170' title='bbox 489 3472 728 3555; x_wconf 84' lang='lat' dir='ltr'>aspicerentur,</span> <span class='ocrx_word' id='word_1_171' title='bbox 752 3473 811 3536; x_wconf 91' lang='lat' dir='ltr'>sed</span> <span class='ocrx_word' id='word_1_172' title='bbox 827 3475 924 3537; x_wconf 88' lang='lat' dir='ltr'>etiam</span> <span class='ocrx_word' id='word_1_173' title='bbox 939 3474 1187 3561; x_wconf 88' lang='lat' dir='ltr'>disciplinarum</span> <span class='ocrx_word' id='word_1_174' title='bbox 1204 3477 1359 3539; x_wconf 88' lang='lat' dir='ltr'>scientiae</span> <span class='ocrx_word' id='word_1_175' title='bbox 1382 3475 1444 3539; x_wconf 89' lang='lat' dir='ltr'>sub</span> <span class='ocrx_word' id='word_1_176' title='bbox 1466 3475 1634 3539; x_wconf 88' lang='lat' dir='ltr'>oculorum</span> 
     </span>
     <span class='ocr_line' id='line_1_25' title="bbox 488 3572 1635 3662; baseline 0.004 -29"><span class='ocrx_word' id='word_1_177' title='bbox 488 3572 750 3636; x_wconf 89' lang='lat' dir='ltr'>consideratione</span> <span class='ocrx_word' id='word_1_178' title='bbox 764 3574 931 3638; x_wconf 89' lang='lat' dir='ltr'>subiectae</span> <span class='ocrx_word' id='word_1_179' title='bbox 945 3599 1011 3640; x_wconf 91' lang='lat' dir='ltr'>non</span> <span class='ocrx_word' id='word_1_180' title='bbox 1026 3578 1159 3640; x_wconf 91' lang='lat' dir='ltr'>incertis</span> <span class='ocrx_word' id='word_1_181' title='bbox 1174 3576 1307 3639; x_wconf 92' lang='lat' dir='ltr'>iudiciis</span> <span class='ocrx_word' id='word_1_182' title='bbox 1322 3575 1550 3662; x_wconf 86' lang='lat' dir='ltr'>probarentur,</span> <span class='ocrx_word' id='word_1_183' title='bbox 1575 3576 1635 3640; x_wconf 91' lang='lat' dir='ltr'>sed</span> 
     </span>
     <span class='ocr_line' id='line_1_26' title="bbox 437 3672 1633 3761; baseline 0.001 -22"><span class='ocrx_word' id='word_1_184' title='bbox 437 3692 471 3739; x_wconf 77' lang='lat'>25</span> <span class='ocrx_word' id='word_1_185' title='bbox 488 3681 521 3735; x_wconf 91' lang='lat' dir='ltr'>et</span> <span class='ocrx_word' id='word_1_186' title='bbox 543 3672 648 3736; x_wconf 88' lang='lat' dir='ltr'>doctis</span> <span class='ocrx_word' id='word_1_187' title='bbox 678 3681 712 3737; x_wconf 91' lang='lat' dir='ltr'>et</span> <span class='ocrx_word' id='word_1_188' title='bbox 733 3676 912 3741; x_wconf 90' lang='lat' dir='ltr'>scientibus</span> <span class='ocrx_word' id='word_1_189' title='bbox 934 3678 1111 3742; x_wconf 87' lang='lat' dir='ltr'>auctoritas</span> <span class='ocrx_word' id='word_1_190' title='bbox 1133 3678 1267 3761; x_wconf 87' lang='lat' dir='ltr'>egregia</span> <span class='ocrx_word' id='word_1_191' title='bbox 1289 3686 1322 3741; x_wconf 92' lang='lat' dir='ltr'>et</span> <span class='ocrx_word' id='word_1_192' title='bbox 1344 3676 1633 3747; x_wconf 83' lang='lat' dir='ltr'>stabilisaddere-</span> 
     </span>
    </p>
   </div>
   <div class='ocr_carea' id='block_1_5' title="bbox 485 3962 1634 4117">
    <p class='ocr_par' dir='ltr' id='par_1_8' title="bbox 485 3962 1634 4117">
     <span class='ocr_line' id='line_1_27' title="bbox 555 3962 1634 4034; baseline 0.005 -21"><span class='ocrx_word' id='word_1_193' title='bbox 555 3962 779 4034; x_wconf 70' lang='lat' dir='ltr'>ladldnenntnr</span> <span class='ocrx_word' id='word_1_194' title='bbox 800 3963 830 4013; x_wconf 87' lang='lat' dir='ltr'><em>H</em></span> <span class='ocrx_word' id='word_1_195' title='bbox 852 3964 1037 4026; x_wconf 88' lang='lat' dir='ltr'>(advehuntur</span> <span class='ocrx_word' id='word_1_196' title='bbox 1053 3965 1126 4031; x_wconf 79' lang='lat' dir='ltr'>Ltc):</span> <span class='ocrx_word' id='word_1_197' title='bbox 1154 3964 1327 4017; x_wconf 87' lang='lat' dir='ltr'>adducuntur</span> <span class='ocrx_word' id='word_1_198' title='bbox 1346 3968 1375 4016; x_wconf 83' lang='lat' dir='ltr'>G.</span> <span class='ocrx_word' id='word_1_199' title='bbox 1404 3963 1416 4033; x_wconf 87' lang='grc' dir='ltr'>ΙΙ</span> <span class='ocrx_word' id='word_1_200' title='bbox 1445 3969 1460 4017; x_wconf 85' lang='grc'><strong>7</strong></span> <span class='ocrx_word' id='word_1_201' title='bbox 1483 3971 1549 4017; x_wconf 86' lang='lat' dir='ltr'>sunt</span> <span class='ocrx_word' id='word_1_202' title='bbox 1571 3976 1634 4019; x_wconf 83' lang='lat' dir='ltr'>ante</span> 
     </span>
     <span class='ocr_line' id='line_1_28' title="bbox 485 4044 1631 4117; baseline 0.002 -18"><span class='ocrx_word' id='word_1_203' title='bbox 485 4066 538 4099; x_wconf 80' lang='lat' dir='ltr'>ras.</span> <span class='ocrx_word' id='word_1_204' title='bbox 568 4049 596 4098; x_wconf 82' lang='lat' dir='ltr'>G.</span> <span class='ocrx_word' id='word_1_205' title='bbox 629 4044 643 4114; x_wconf 75' lang='lat' dir='ltr'>ss</span> <span class='ocrx_word' id='word_1_206' title='bbox 673 4051 690 4099; x_wconf 89' lang='lat'><em>8</em></span> <span class='ocrx_word' id='word_1_207' title='bbox 718 4053 924 4113; x_wconf 87' lang='lat' dir='ltr'>praeceptorem</span> <span class='ocrx_word' id='word_1_208' title='bbox 950 4058 1010 4100; x_wconf 83' lang='lat' dir='ltr'>ante</span> <span class='ocrx_word' id='word_1_209' title='bbox 1040 4067 1110 4101; x_wconf 73' lang='lat' dir='ltr'>corr.</span> <span class='ocrx_word' id='word_1_210' title='bbox 1137 4051 1172 4102; x_wconf 92' lang='lat' dir='ltr'>H.</span> <span class='ocrx_word' id='word_1_211' title='bbox 1200 4046 1213 4117; x_wconf 86' lang='grc' dir='ltr'>ΙΙ</span> <span class='ocrx_word' id='word_1_212' title='bbox 1246 4054 1278 4101; x_wconf 86' lang='grc'>10</span> <span class='ocrx_word' id='word_1_213' title='bbox 1304 4052 1533 4115; x_wconf 79' lang='lat' dir='ltr'>apparatioribus</span> <span class='ocrx_word' id='word_1_214' title='bbox 1559 4053 1631 4102; x_wconf 71' lang='lat' dir='ltr'>Jon:</span> 
     </span>
    </p>
   </div>
   <div class='ocr_carea' id='block_1_6' title="bbox 485 4129 1631 4283">
    <p class='ocr_par' dir='ltr' id='par_1_9' title="bbox 485 4129 1631 4283">
     <span class='ocr_line' id='line_1_29' title="bbox 486 4129 1631 4200; baseline 0.003 -18"><span class='ocrx_word' id='word_1_215' title='bbox 486 4133 709 4199; x_wconf 84' lang='lat' dir='ltr'>apparitionibus</span> <span class='ocrx_word' id='word_1_216' title='bbox 729 4133 787 4183; x_wconf 83' lang='lat' dir='ltr'>GH.</span> <span class='ocrx_word' id='word_1_217' title='bbox 810 4129 824 4198; x_wconf 82' lang='lat' dir='ltr'>ss</span> <span class='ocrx_word' id='word_1_218' title='bbox 846 4134 877 4181; x_wconf 96' lang='grc'>11</span> <span class='ocrx_word' id='word_1_219' title='bbox 901 4138 1053 4198; x_wconf 87' lang='lat' dir='ltr'>exponetur</span> <span class='ocrx_word' id='word_1_220' title='bbox 1069 4136 1107 4184; x_wconf 80' lang='lat' dir='ltr'>L:</span> <span class='ocrx_word' id='word_1_221' title='bbox 1126 4136 1271 4199; x_wconf 85' lang='lat' dir='ltr'>exponitur</span> <span class='ocrx_word' id='word_1_222' title='bbox 1289 4135 1340 4185; x_wconf 83' lang='lat' dir='ltr'>GH</span> <span class='ocrx_word' id='word_1_223' title='bbox 1358 4133 1412 4199; x_wconf 85' lang='lat' dir='ltr'>(Ic).</span> <span class='ocrx_word' id='word_1_224' title='bbox 1436 4132 1449 4200; x_wconf 86' lang='grc' dir='ltr'>ΙΙ</span> <span class='ocrx_word' id='word_1_225' title='bbox 1477 4137 1509 4186; x_wconf 77' lang='lat'>12</span> <span class='ocrx_word' id='word_1_226' title='bbox 1527 4137 1631 4186; x_wconf 90' lang='lat' dir='ltr'>inmor-</span> 
     </span>
     <span class='ocr_line' id='line_1_30' title="bbox 485 4214 1388 4283; baseline 0.001 -17"><span class='ocrx_word' id='word_1_227' title='bbox 485 4218 582 4268; x_wconf 87' lang='lat' dir='ltr'>talium</span> <span class='ocrx_word' id='word_1_228' title='bbox 601 4217 653 4267; x_wconf 76' lang='lat' dir='ltr'>oli</span> <span class='ocrx_word' id='word_1_229' title='bbox 670 4216 768 4280; x_wconf 60' lang='lat' dir='ltr'>(Lllesslz</span> <span class='ocrx_word' id='word_1_230' title='bbox 792 4217 950 4268; x_wconf 85' lang='lat' dir='ltr'>mortalium</span> <span class='ocrx_word' id='word_1_231' title='bbox 967 4219 999 4269; x_wconf 72' lang='lat' dir='ltr'>cle</span> <span class='ocrx_word' id='word_1_232' title='bbox 1018 4218 1055 4282; x_wconf 86' lang='lat' dir='ltr'>(ut</span> <span class='ocrx_word' id='word_1_233' title='bbox 1072 4236 1099 4283; x_wconf 85' lang='lat' dir='ltr'>p.</span> <span class='ocrx_word' id='word_1_234' title='bbox 1110 4214 1159 4275; x_wconf 69' lang='lat'>⁸64,</span> <span class='ocrx_word' id='word_1_235' title='bbox 1178 4223 1213 4269; x_wconf 78' lang='lat'>28</span> <span class='ocrx_word' id='word_1_236' title='bbox 1230 4228 1256 4269; x_wconf 82' lang='lat' dir='ltr'>et</span> <span class='ocrx_word' id='word_1_237' title='bbox 1273 4221 1315 4280; x_wconf 77' lang='lat'>⁶8,</span> <span class='ocrx_word' id='word_1_238' title='bbox 1332 4218 1388 4283; x_wconf 81' lang='lat'>20).</span> 
     </span>
    </p>
   </div>
   <div class='ocr_carea' id='block_1_7' title="bbox 482 4320 1631 4732">
    <p class='ocr_par' dir='ltr' id='par_1_10' title="bbox 482 4320 1631 4569">
     <span class='ocr_line' id='line_1_31' title="bbox 498 4320 1631 4405; baseline 0.003 -21"><span class='ocrx_word' id='word_1_239' title='bbox 498 4398 503 4405; x_wconf 20' lang='grc' dir='ltr'>ι</span> <span class='ocrx_word' id='word_1_240' title='bbox 551 4335 676 4401; x_wconf 62' lang='lat' dir='ltr'>napum</span> <span class='ocrx_word' id='word_1_241' title='bbox 694 4320 742 4387; x_wconf 76' lang='lat' dir='ltr'>ui.</span> <span class='ocrx_word' id='word_1_242' title='bbox 760 4337 798 4386; x_wconf 89' lang='lat'>11.</span> <span class='ocrx_word' id='word_1_243' title='bbox 825 4335 936 4402; x_wconf 79' lang='lat' dir='ltr'>incipit.</span> <span class='ocrx_word' id='word_1_244' title='bbox 948 4336 1000 4387; x_wconf 93' lang='lat'>111.</span> <span class='ocrx_word' id='word_1_245' title='bbox 1020 4337 1050 4401; x_wconf 83' lang='lat' dir='ltr'>o,</span> <span class='ocrx_word' id='word_1_246' title='bbox 1069 4336 1141 4387; x_wconf 73' lang='lat' dir='ltr'>noer</span> <span class='ocrx_word' id='word_1_247' title='bbox 1157 4337 1293 4387; x_wconf 80' lang='lat' dir='ltr'>secundus</span> <span class='ocrx_word' id='word_1_248' title='bbox 1305 4322 1421 4400; x_wconf 67' lang='lat' dir='ltr'>expuere</span> <span class='ocrx_word' id='word_1_249' title='bbox 1438 4338 1540 4403; x_wconf 80' lang='lat' dir='ltr'>incipit</span> <span class='ocrx_word' id='word_1_250' title='bbox 1556 4337 1631 4388; x_wconf 73' lang='lat' dir='ltr'>noer</span> 
     </span>
     <span class='ocr_line' id='line_1_32' title="bbox 483 4417 1630 4485; baseline 0.004 -18"><span class='ocrx_word' id='word_1_251' title='bbox 483 4420 583 4469; x_wconf 87' lang='lat' dir='ltr'>tertius</span> <span class='ocrx_word' id='word_1_252' title='bbox 599 4421 630 4470; x_wconf 86' lang='grc' dir='ltr'><em>Η</em></span> <span class='ocrx_word' id='word_1_253' title='bbox 656 4417 699 4483; x_wconf 84' lang='lat' dir='ltr'>(L,</span> <span class='ocrx_word' id='word_1_254' title='bbox 722 4418 771 4468; x_wconf 80' lang='lat' dir='ltr'>lib.</span> <span class='ocrx_word' id='word_1_255' title='bbox 794 4417 858 4468; x_wconf 80' lang='lat' dir='ltr'>aeds</span> <span class='ocrx_word' id='word_1_256' title='bbox 882 4419 997 4485; x_wconf 88' lang='lat' dir='ltr'>explicit</span> <span class='ocrx_word' id='word_1_257' title='bbox 1014 4420 1113 4483; x_wconf 84' lang='lat' dir='ltr'>incipit</span> <span class='ocrx_word' id='word_1_258' title='bbox 1129 4418 1202 4470; x_wconf 87' lang='lat' dir='ltr'>liber</span> <span class='ocrx_word' id='word_1_259' title='bbox 1217 4422 1316 4469; x_wconf 87' lang='lat' dir='ltr'>tertius</span> <span class='ocrx_word' id='word_1_260' title='bbox 1333 4424 1349 4479; x_wconf 87' lang='grc' dir='ltr'>Ι,</span> <span class='ocrx_word' id='word_1_261' title='bbox 1366 4421 1467 4484; x_wconf 86' lang='lat' dir='ltr'>incipit</span> <span class='ocrx_word' id='word_1_262' title='bbox 1484 4420 1557 4472; x_wconf 85' lang='lat' dir='ltr'>liber</span> <span class='ocrx_word' id='word_1_263' title='bbox 1575 4428 1630 4472; x_wconf 88' lang='lat' dir='ltr'>ter-</span> 
     </span>
     <span class='ocr_line' id='line_1_33' title="bbox 482 4502 738 4569; baseline 0.012 -21"><span class='ocrx_word' id='word_1_264' title='bbox 482 4502 537 4551; x_wconf 84' lang='lat' dir='ltr'>tius</span> <span class='ocrx_word' id='word_1_265' title='bbox 554 4505 687 4553; x_wconf 86' lang='lat' dir='ltr'>victruvii</span> <span class='ocrx_word' id='word_1_266' title='bbox 703 4503 738 4569; x_wconf 84' lang='lat' dir='ltr'>e).</span> 
     </span>
    </p>

    <p class='ocr_par' dir='ltr' id='par_1_11' title="bbox 552 4602 1630 4673">
     <span class='ocr_line' id='line_1_34' title="bbox 552 4602 1630 4673; baseline 0.007 -22"><span class='ocrx_word' id='word_1_267' title='bbox 552 4604 584 4653; x_wconf 79' lang='lat'>17</span> <span class='ocrx_word' id='word_1_268' title='bbox 601 4618 748 4668; x_wconf 83' lang='lat' dir='ltr'>responsus</span> <span class='ocrx_word' id='word_1_269' title='bbox 766 4612 826 4655; x_wconf 84' lang='lat' dir='ltr'>ante</span> <span class='ocrx_word' id='word_1_270' title='bbox 842 4620 911 4655; x_wconf 81' lang='lat' dir='ltr'>corr.</span> <span class='ocrx_word' id='word_1_271' title='bbox 930 4605 968 4654; x_wconf 87' lang='lat' dir='ltr'>H.</span> <span class='ocrx_word' id='word_1_272' title='bbox 992 4602 1006 4670; x_wconf 84' lang='grc' dir='ltr'>ΙΙ</span> <span class='ocrx_word' id='word_1_273' title='bbox 1029 4605 1061 4653; x_wconf 90' lang='grc'>18</span> <span class='ocrx_word' id='word_1_274' title='bbox 1080 4604 1281 4655; x_wconf 70' lang='lat' dir='ltr'>fenestrosa.</span> <span class='ocrx_word' id='word_1_275' title='bbox 1304 4602 1317 4670; x_wconf 84' lang='grc' dir='ltr'>ΙΙ</span> <span class='ocrx_word' id='word_1_276' title='bbox 1339 4608 1371 4655; x_wconf 86' lang='grc'>19</span> <span class='ocrx_word' id='word_1_277' title='bbox 1383 4609 1528 4670; x_wconf 75' lang='lat' dir='ltr'>patentesr</span> <span class='ocrx_word' id='word_1_278' title='bbox 1549 4625 1630 4673; x_wconf 88' lang='lat' dir='ltr'>aper-</span> 
     </span>
    </p>

    <p class='ocr_par' dir='ltr' id='par_1_12' title="bbox 483 4685 577 4732">
     <span class='ocr_line' id='line_1_35' title="bbox 483 4685 577 4732; baseline 0.021 -2"><span class='ocrx_word' id='word_1_279' title='bbox 483 4687 526 4732; x_wconf 86' lang='lat' dir='ltr'>tas</span> <span class='ocrx_word' id='word_1_280' title='bbox 545 4685 577 4732; x_wconf 87' lang='lat' dir='ltr'>E.</span> 
     </span>
    </p>
   </div>
   <div class='ocr_carea' id='block_1_8' title="bbox 0 0 1996 5825">
    <p class='ocr_par' dir='ltr' id='par_1_13' title="bbox 0 0 1996 5825">
     <span class='ocr_line' id='line_1_36' title="bbox 0 0 1996 5825; baseline 0 9"><span class='ocrx_word' id='word_1_281' title='bbox 0 0 1996 5825; x_wconf 95' lang='lat' dir='ltr'> </span> 
     </span>
    </p>
   </div>
  </div>
 </body>
</html>
