3984 5825
685 682 732 728 ns
753 681 1021 732 nrrcrnrucruns
1045 685 1114 732 ms.
1138 687 1175 732 11.
1459 675 1501 739 53

305 850 336 900 18
440 833 604 914 Quoniam
624 856 701 920 ergo
717 834 883 923 explicata
897 837 980 902 ratio
997 849 1046 901 cst
1069 836 1147 924 quid
1162 838 1209 903 ita
1224 841 1259 903 in
1273 840 1353 905 urbe
1368 853 1501 929 propter

353 936 582 1002 necessitatem
603 939 828 1023 angustiarum
850 961 916 1004 uon
936 940 1105 1025 patiuntur
1126 961 1197 1004 csse
1217 939 1378 1008 latericios
1395 945 1498 1030 parie-

353 1048 420 1122 tes,
449 1060 522 1103 curn
551 1048 645 1105 extra
670 1040 785 1105 urbem
812 1063 894 1127 opus
917 1041 978 1105 erit
1001 1041 1052 1106 his
1075 1042 1140 1123 uti,
1171 1043 1241 1106 sine
1264 1043 1354 1108 vitiis
1377 1044 1419 1108 ad
1443 1067 1498 1108 vo-

352 1150 509 1206 tustatem
539 1141 587 1205 sic
616 1143 678 1207 erit
705 1140 902 1207 faciendum.
952 1141 1087 1206 summis
1121 1144 1301 1230 parietibus
1336 1155 1499 1212 structura

353 1252 498 1308 testacea
531 1242 592 1306 sub
624 1242 750 1328 tegulas
790 1243 971 1308 subiciatur
1006 1243 1180 1309 altitudine
1213 1246 1342 1310 circiter
1374 1249 1532 1333 sesqui-5

354 1342 474 1431 pedali,
499 1343 682 1430 habeatque
703 1345 902 1431 proiecturas
926 1365 1128 1410 coronarum.
1171 1347 1219 1412 ita
1233 1348 1332 1412 vitari
1347 1358 1499 1434 poterunt

354 1467 436 1532 quae
464 1444 571 1511 solent
597 1445 633 1509 in
659 1444 710 1510 bis
737 1444 809 1510 fieri
837 1446 929 1510 vitia.
979 1467 1052 1511 cum
1081 1448 1167 1513 enim
1194 1451 1228 1513 in
1256 1458 1342 1514 tecto
1369 1450 1498 1536 tegulae

352 1547 476 1612 fuerint
498 1546 622 1612 fractae
642 1556 699 1611 aut
720 1567 739 1611 a
761 1547 868 1613 ventis
890 1546 1046 1633 deiectae,
1070 1572 1133 1636 qua
1154 1553 1258 1637 possit
1280 1571 1322 1615 ex
1337 1551 1497 1617 imbribus

352 1670 437 1736 aqua
458 1647 647 1738 perpluere,
675 1669 741 1712 non
769 1649 912 1735 patietur
939 1647 1040 1713 lorica
1066 1660 1210 1716 testacea
1236 1650 1323 1717 laedi
1350 1651 1495 1735 latorem,

353 1749 411 1815 sed
432 1751 618 1838 proiectura
639 1771 829 1816 coronarum
850 1749 963 1815 reiciet
985 1760 1079 1816 extra
1100 1751 1369 1839 perpendiculum
1392 1752 1495 1820 stillas
1515 1766 1548 1816 10

302 1865 335 1914 19
353 1861 386 1917 et
408 1873 446 1916 ea
466 1853 593 1917 ratione
615 1851 760 1917 servabit
781 1852 925 1938 integras
947 1853 1108 1940 parietum
1122 1852 1340 1920 latericiorum
1357 1864 1494 1920 structu·

352 1975 415 2020 ras.
470 1952 512 2017 de
544 1955 617 2041 ipsa
648 1963 756 2018 autem
788 1962 873 2018 testa
905 1953 933 2016 si
966 1955 1010 2018 sit
1048 1955 1171 2042 optima
1210 1977 1268 2020 seu
1300 1957 1421 2022 vitiosa
1452 1954 1494 2020 ad

242 2133 245 2144 Α
352 2062 549 2121 structuram
571 2055 682 2119 statim
703 2075 796 2119 nemo
818 2063 926 2142 potest
948 2055 1104 2137 iudicare,
1128 2055 1215 2143 quod
1237 2057 1273 2120 in
1294 2058 1493 2144 tempestati-

351 2156 424 2240 bus,
449 2166 482 2222 et
503 2165 620 2240 aetate,
642 2157 785 2222 intecto
807 2178 881 2221 cum
904 2167 954 2222 est
976 2155 1158 2240 conlocata,
1181 2168 1259 2224 tunc
1281 2160 1309 2225 si
1332 2167 1380 2223 est
1402 2158 1495 2222 firma

353 2256 520 2347 probatur.
556 2278 696 2344 namque
718 2279 800 2344 quae
821 2278 886 2323 non
908 2258 1007 2323 fuerit
1029 2282 1072 2324 cx
1094 2269 1183 2324 creta
1205 2260 1290 2325 bona
1309 2270 1365 2325 aut
1380 2282 1494 2348 parum
1513 2271 1545 2324 11

353 2360 414 2425 crit
436 2368 545 2439 cocta,
572 2359 620 2424 ibi
642 2381 677 2424 se
699 2358 842 2424 ostendit
864 2381 935 2424 csse
956 2361 1109 2425 vitiosam
1137 2361 1299 2447 gelicidiis
1323 2372 1355 2426 et
1377 2363 1494 2447 pruina

350 2470 448 2527 tacta.
494 2482 571 2547 ergo
594 2482 676 2548 quae
698 2483 763 2526 non
784 2463 820 2527 in
841 2461 936 2527 tectis
958 2464 1080 2547 poterit
1101 2464 1170 2550 pati
1192 2463 1346 2546 laborem,
1370 2484 1408 2526 ca
1429 2486 1495 2527 non

350 2572 459 2651 potest
479 2563 516 2626 in
538 2571 701 2628 structura
723 2564 814 2628 oneri
835 2562 969 2629 ferendo
993 2586 1064 2630 csse
1086 2564 1187 2630 firma.
1232 2586 1330 2651 quare
1351 2565 1493 2628 maxime

298 2678 333 2726 20
350 2688 393 2731 cx
414 2664 583 2730 veteribus
605 2662 724 2749 tegulis
747 2675 831 2729 testa
853 2666 968 2729 structi
983 2667 1124 2753 parietes
1140 2665 1325 2731 firmitatem
1340 2675 1493 2752 poterunt

347 2765 480 2831 babere.
517 2765 645 2831 craticii
661 2787 738 2830 vcro
753 2765 853 2830 velim
875 2765 1007 2852 quidem
1029 2789 1070 2831 ne
1091 2767 1219 2830 inventi
1241 2776 1357 2832 essent.
1392 2789 1491 2853 quan·
1510 2777 1544 2829 20

347 2876 418 2933 tum
441 2867 528 2932 enim
550 2865 716 2933 celeritate
737 2877 770 2935 et
791 2867 854 2935 loci
875 2865 1060 2933 laxamento
1083 2877 1234 2953 prosunt,
1266 2876 1356 2934 tanto
1377 2868 1492 2935 maiori

348 2980 383 3036 ct
405 2970 568 3037 communi
589 2980 665 3036 sunt
687 2971 875 3053 calamitati,
899 2967 986 3056 quod
1008 2969 1050 3033 ad
1073 2969 1222 3032 incendia
1243 2969 1292 3032 uti
1312 2968 1491 3034 facessunt

348 3072 465 3160 parati.
514 3072 625 3157 itaque
653 3073 755 3136 satius
785 3092 856 3136 esse
883 3069 1016 3135 videtur
1051 3072 1186 3157 inpensa
1213 3079 1428 3135 testaceorum
1456 3072 1490 3135 in

348 3183 481 3263 sumptu
502 3193 600 3259 quam
622 3171 813 3260 compendio
836 3172 1042 3237 craticiorum
1065 3193 1135 3236 esse
1150 3173 1184 3236 in
1199 3169 1354 3259 periculo.
1390 3171 1488 3234 ctiam

348 3277 404 3362 qui
426 3276 462 3339 in
483 3274 629 3339 tectoriis
652 3273 820 3361 operibus,
843 3276 942 3340 rimas
964 3275 1000 3338 in
1021 3274 1072 3338 bis
1095 3273 1220 3339 faciunt
1241 3272 1488 3338 arrectarionrm
1506 3281 1540 3334 11

348 3386 381 3442 et
402 3376 711 3442 transversariorum
737 3373 963 3461 dispositione.
1008 3398 1080 3440 cum
1108 3376 1194 3439 enim
1216 3374 1377 3456 linuntur,
1408 3375 1488 3438 reci-

346 3479 474 3565 pientes
496 3498 642 3541 umorem
663 3486 866 3561 turgescunt,
889 3476 1008 3541 deiude
1030 3476 1237 3541 siccescendo
1258 3475 1490 3541 contrahuntur

347 3588 380 3644 et
410 3580 457 3645 ita
490 3580 657 3645 extenuati
690 3578 898 3666 disrumpunt
928 3579 1138 3644 tectoriorum
1170 3577 1378 3643 soliditatem.
1430 3576 1488 3642 sed

345 3682 500 3767 quoniam
526 3678 697 3745 nonnullos
728 3677 877 3745 celeritas
898 3688 955 3744 aut
975 3679 1087 3765 inopia
1107 3688 1164 3744 aut
1185 3680 1220 3744 in
1242 3678 1397 3766 pendenti
1418 3677 1488 3744 loco

415 3886 653 3953 tangmtiarnm:
675 3888 713 3937 ric
736 3886 788 3936 611
810 3884 969 3952 (angustiae
993 3900 1120 3936 arearum
1144 3885 1235 3950 Man).
1261 3882 1273 3952 ΙΙ
1295 3884 1437 3951 patiuntur
1460 3883 1490 3932 H

347 3968 435 4034 (Llclr
455 3970 596 4036 patiantur
615 3970 644 4024 6.
665 3966 678 4035 ΙΙ
700 3971 783 4022 terit
795 3970 989 4021 adfaciendum
1008 3976 1067 4020 ante
1079 3986 1147 4022 corr.
1158 3970 1188 4021 6.
1212 3966 1224 4035 (Ι
1247 3968 1383 4033 btagulas
1397 3964 1485 4030 (ree.):

345 4054 442 4120 tegula
462 4054 521 4106 611.
542 4051 554 4121 ss
581 4054 786 4121 tprolacturas
806 4056 836 4108 6.
859 4050 872 4121 {l
894 4054 978 4105 vitari
1000 4054 1029 4104 H
1051 4050 1135 4120 (Llc):
1159 4054 1249 4105 vitare
1274 4053 1304 4103 6.
1326 4048 1338 4117 ll
1361 4053 1377 4101 8
1398 4050 1488 4115 possit

344 4140 403 4193 Joc.
422 4136 514 4203 (recle
537 4140 646 4204 possint
665 4138 723 4190 611.
745 4134 758 4206 [l
780 4142 796 4190 9
815 4154 887 4204 aqua
905 4138 934 4187 H
951 4135 992 4202 (le,
1012 4140 1082 4201 aque
1097 4138 1163 4203 Lblz
1186 4134 1284 4202 aque(e
1303 4133 1347 4199 6⁶)
1367 4134 1395 4184 6.
1419 4130 1432 4200 [l
1456 4135 1484 4182 11

346 4223 474 4275 servabit
491 4222 582 4277 Sela:
601 4224 756 4274 servaverit
775 4223 827 4274 611
843 4228 889 4288 (ecc
906 4223 981 4273 -uit
1002 4238 1051 4286 pro
1071 4221 1165 4286 -bit).
1190 4218 1202 4287 (Ι
1224 4222 1347 4285 integras
1372 4216 1486 4280 G(e0l⁶):

345 4307 438 4374 -gris
457 4307 487 4356 H
504 4307 584 4371 (hle).
607 4305 620 4375 l}
641 4309 673 4358 14
691 4314 719 4360 et
738 4312 829 4358 aetate
852 4323 914 4373 epo:
937 4305 1085 4357 &aestate
1108 4306 1150 4370 (et
1172 4310 1262 4356 estate
1282 4302 1313 4366 6)
1339 4302 1389 4352 611
1412 4299 1485 4364 (sort.

346 4405 382 4442 aa
400 4400 462 4443 nota
478 4394 635 4444 correctoria
651 4392 665 4441 1
681 4396 772 4443 estate
790 4393 806 4441 i.
819 4407 841 4442 e.
860 4392 906 4443 vol
924 4390 1121 4456 temp-estate).
1142 4386 1154 4455 ΙΙ
1178 4391 1209 4440 16
1223 4385 1344 4438 ostendit
1362 4385 1390 4433 11
1402 4384 1486 4447 (Lle):

348 4474 429 4526 -det
448 4476 477 4526 6.
502 4472 514 4540 ΙΙ
537 4477 569 4527 19
587 4479 662 4527 testa
681 4477 780 4528 structi
797 4477 862 4527 Lar.
882 4476 941 4539 (niai
958 4477 1027 4540 qnod
1042 4490 1092 4524 cer.
1112 4470 1266 4537 testaquel:
1286 4473 1362 4519 tecta
1380 4473 1486 4519 structa

350 4560 408 4612 611.
432 4556 444 4624 ΙΙ
467 4561 501 4611 20
519 4557 588 4621 (item
606 4560 653 4625 23)
673 4561 784 4611 craticii
802 4559 835 4611 6ε
855 4559 966 4624 graticii
984 4558 1013 4606 H
1032 4554 1112 4620 (Llc).
1137 4553 1149 4622 ll
1176 4558 1207 4606 21
1227 4557 1352 4621 prosunt:
1376 4556 1486 4618 propter

348 4648 407 4693 ante
425 4657 495 4696 corr.
516 4644 545 4694 6.
566 4640 579 4709 ΙΙ
601 4646 634 4695 14
653 4646 738 4697 etiam
751 4645 797 4710 qui
817 4645 879 4696 GH:
900 4643 1038 4708 etiamque
1057 4640 1132 4695 Solen.
1153 4637 1208 4709 (qut
1224 4655 1270 4691 om.
1289 4638 1318 4689 in
1335 4636 1398 4701 his).
1422 4632 1434 4705 (Ι
1452 4638 1484 4689 27

349 4726 523 4781 siccisccndo
542 4728 601 4782 GH.
