3984 5825
656 706 703 752 ns
726 705 991 753 eacurrncruas
1017 707 1084 752 ma.
1111 708 1141 753 v.
1410 693 1466 755 121

253 884 320 946 (viti)
413 862 497 925 (hun
511 858 591 927 haec
606 860 714 922 omnia
729 881 854 923 summa
876 881 953 921 cura
976 858 1184 946 sollertiaque
1203 862 1366 949 explicata
1382 873 1469 945 sunt,

328 976 403 1044 tunc
431 964 529 1026 etiam
556 961 747 1045 diligentius
774 972 824 1024 est
850 961 1180 1026 animadvertendum
1209 965 1257 1028 uti
1280 965 1323 1028 sit
1345 963 1468 1027 electus

327 1065 433 1147 locus,
456 1065 490 1127 in
513 1085 576 1148 quo
598 1062 714 1127 leniter
734 1062 877 1149 adplicet
899 1086 933 1126 se
956 1084 1023 1126 vox
1044 1085 1149 1151 neque
1170 1065 1301 1152 repulsa
1322 1065 1470 1128 resiliens

327 1169 466 1231 incertas
493 1164 628 1229 auribus
656 1165 777 1228 referat
798 1165 1067 1250 significationes.
1116 1175 1192 1230 sunt
1215 1167 1302 1230 enim
1324 1166 1470 1231 nonnulli

328 1269 390 1333 leci
412 1265 605 1332 naturaliter
626 1265 830 1353 inpedientes
852 1267 944 1330 vocis
967 1276 1090 1349 motus,
1114 1270 1163 1331 uti
1185 1266 1391 1333 dissonantes
1414 1269 1504 1355 quia

328 1392 444 1456 graece
472 1367 625 1433 dicuntur
653 1391 891 1452 κατηχουντες,
921 1369 1196 1434 circumsonantes
1226 1371 1282 1457 qui
1303 1369 1392 1456 apud
1415 1392 1470 1434 eos

328 1473 536 1537 nominantur
557 1491 806 1554 περιηχουντες,
829 1470 907 1533 item
929 1480 1118 1534 resonantes
1142 1474 1198 1558 qui
1220 1471 1373 1537 dicuntur
1394 1493 1469 1536 αντ-

329 1596 505 1659 ηχουντες,
533 1581 812 1658 consonantesque
831 1593 912 1657 quos
934 1571 1101 1659 appellant
1128 1589 1368 1656 συνηχουντας.
1404 1570 1469 1637 dis-

328 1685 482 1741 sonantes
510 1683 586 1738 sunt
613 1673 788 1760 inquibus
811 1694 879 1736 vox
900 1675 1006 1759 prima
1028 1696 1102 1739 cuni
1125 1682 1173 1737 est
1196 1673 1281 1739 elata
1303 1677 1337 1739 in
1359 1672 1469 1738 altitu·

329 1777 454 1859 dinem,
478 1775 600 1841 offensa
615 1775 838 1862 superioribus
859 1773 972 1839 solidis
995 1775 1184 1861 corporibus
1207 1775 1401 1862 repulsaque
1422 1797 1471 1838 re·
1492 1793 1523 1841 ιο

295 1879 441 1951 esidens
464 1880 498 1942 in
520 1879 585 1941 imo
607 1878 762 1964 opprimit
784 1877 983 1963 insequentis
1005 1878 1096 1940 vocis
1120 1876 1307 1958 elationem,
1336 1877 1472 1940 circum-

292 2044 297 2052 ,
329 1990 481 2047 sonantes
508 1988 617 2045 autem
644 1981 679 2043 in
707 1977 825 2065 quibus
851 1978 1127 2064 circumvagando
1150 1987 1262 2044 coacta
1284 1976 1472 2043 exolescens

330 2086 365 2147 in
386 2082 511 2163 medio,
536 2082 606 2146 sine
629 2080 785 2144 extremis
808 2080 938 2145 casibus
961 2103 1080 2145 sonans
1108 2080 1155 2144 ibi
1183 2081 1396 2166 extinguatur
1423 2079 1472 2142 in·

330 2193 420 2249 certa
434 2183 608 2248 verborum
624 2182 875 2267 significatione,
897 2192 1086 2248 resonantes
1102 2204 1180 2247 vcro
1202 2184 1237 2247 in
1260 2181 1378 2268 quibus
1401 2203 1474 2245 cum

330 2290 365 2351 in
392 2285 498 2350 solido
525 2294 614 2349 tactu
643 2306 797 2372 percussa
824 2282 966 2366 resiliat,
994 2285 1154 2369 imagines
1183 2282 1396 2372 exprimendo
1417 2304 1474 2345 no·
1494 2300 1526 2348 15

333 2389 485 2453 vissimos
501 2408 595 2450 casus
610 2384 757 2473 duplices
780 2385 879 2449 faeiat
900 2385 1025 2450 auditu.
1070 2387 1148 2450 item
1170 2394 1384 2450 consonantes
1400 2392 1476 2448 sunt

332 2493 366 2555 in
394 2489 514 2576 quibus
541 2487 584 2551 ab
606 2489 680 2552 imis
702 2486 860 2550 auxiliata
882 2509 955 2551 cmn
977 2488 1177 2552 incremento
1200 2487 1359 2552 scandens
1384 2507 1474 2570 egre-

333 2594 444 2657 diatur
470 2589 514 2653 ad
540 2611 634 2654 aures
664 2589 788 2653 diserta
816 2588 991 2653 verborum
1013 2589 1170 2654 claritate.
1215 2591 1262 2653 ita
1283 2591 1312 2654 si
1334 2590 1369 2652 in
1390 2587 1476 2651 loeo-

332 2718 405 2759 rum
433 2692 590 2757 electione
617 2690 717 2755 fuerit
744 2690 885 2775 diligens
908 2692 1171 2773 animadversio,
1201 2689 1392 2754 emendatus
1415 2689 1477 2752 erit

333 2794 509 2885 pmdentia
522 2792 565 2856 ad
587 2792 761 2856 utilitatem
783 2794 817 2855 in
840 2792 975 2855 theatris
997 2794 1088 2856 vocis
1112 2792 1255 2856 effectus.
1298 2792 1477 2856 formarum
1495 2810 1528 2857 20

333 2907 443 2964 autem
465 2895 700 2982 descriptiones
723 2894 809 2959 inter
831 2916 865 2958 se
887 2892 1132 2957 discriminibus
1154 2891 1205 2956 his
1230 2901 1325 2956 erunt
1346 2902 1477 2956 notatae
1532 2905 1535 2911 ’

331 3002 383 3065 'uti
398 3021 481 3086 quae
503 3020 546 3061 ex
566 2997 733 3083 quadratis
756 2998 978 3081 designentur,
1002 2994 1201 3060 Graecorum
1223 2993 1364 3057 habeant
1385 3016 1476 3075 usus,

335 3104 455 3168 Latina
466 3122 484 3163 e
495 3099 628 3187 paribus
640 3098 797 3163 lateribus
809 3099 1022 3183 trigonorum.
1045 3099 1091 3161 ita
1102 3097 1153 3160 his
1166 3093 1477 3183 praescriptionibus

335 3206 393 3269 bui
420 3202 562 3267 voluerit
589 3202 653 3283 uti,
677 3200 869 3285 emendatas
886 3200 1006 3264 efficiet
1029 3199 1228 3263 theatrorum
1250 3197 1478 3285 perfectiones.

249 3328 315 3391 (lx)
421 3305 501 3369 Post
515 3324 664 3367 scaenam
679 3303 823 3389 porticus
839 3310 915 3366 sunt
930 3300 1187 3383 constituendae,
1204 3302 1253 3364 uti
1269 3322 1342 3363 eum
1357 3297 1477 3362 imbres
1490 3315 1530 3365 lx

335 3408 498 3495 repentini
520 3404 613 3472 ludos
636 3402 929 3490 interpellaverint,
953 3404 1071 3468 habeat
1093 3401 1231 3489 popidus
1255 3422 1318 3489 quo
1340 3422 1376 3465 se
1397 3401 1479 3464 reci·
1497 3416 1530 3465 aa
1627 3411 1631 3416 “

407 3636 420 3682 1
440 3634 516 3681 sunt:
534 3630 573 3680 sic
592 3629 651 3679 GH.
668 3626 680 3694 ΙΙ
695 3630 709 3678 2
730 3624 964 3689 sniadveritendir
984 3627 1088 3692 G(ante
1101 3643 1169 3677 corr.
1184 3629 1227 3693 qui
1237 3627 1333 3676 clarita
1350 3627 1480 3692 expressit

338 3721 479 3803 ilinad-):
498 3733 570 3782 enim
583 3729 642 3795 (eni
656 3725 662 3795 Ι
677 3731 715 3793 H)
730 3729 924 3779 advertendum
942 3730 971 3778 H
983 3730 1044 3792 (eh).
1061 3726 1073 3795 ΙΙ
1089 3730 1130 3779 uti
1143 3730 1180 3779 sit
1191 3728 1375 3779 electusroca
1396 3728 1481 3777 utise-

338 3820 429 3869 lectus
447 3816 535 3880 (-tos
554 3817 593 3880 H)
613 3815 664 3864 GH
683 3815 725 3879 (L,
744 3820 775 3864 ut
793 3816 817 3864 is
836 3813 940 3863 electus
960 3812 1076 3878 Gema).
1092 3810 1105 3879 ll
1125 3816 1142 3863 6
1160 3814 1235 3877 greci
1255 3822 1314 3863 ante
1332 3828 1400 3862 corr.
1422 3812 1451 3865 G.
1467 3809 1478 3875 ΙΙ

340 3905 493 3955 reticentes
507 3900 557 3951 GH
567 3898 608 3963 (le,
619 3900 791 3949 catiehontes
801 3895 846 3961 L).
863 3914 955 3961 praece
967 3915 1019 3949 ser.
1029 3900 1087 3950 Joc.
1101 3899 1169 3960 (item
1177 3897 1271 3963 nequ).
1288 3892 1300 3962 ΙΙ
1316 3899 1330 3945 ἵ
1341 3897 1481 3960 perieeon-

340 3994 382 4038 tes
396 3988 427 4050 G,
437 3985 599 4036 —echontes
612 3985 640 4033 H
652 3983 705 4043 (LI,
718 3983 881 4033 —ethentes
890 3983 940 4047 et).
953 3979 965 4049 ΙΙ
983 3983 1161 4033 antechentes
1176 3982 1234 4034 GH.
1246 3976 1259 4047 {l
1269 3982 1285 4031 8
1294 3979 1481 4043 synechontas

340 4074 368 4122 H
379 4070 444 4138 (lc):
457 4069 634 4121 sinechontes
648 4053 677 4119 θ’.
695 4065 707 4135 ss
725 4071 757 4119 10
766 4068 911 4133 superibus
922 4075 980 4118 ante
993 4084 1061 4121 eurr.
1075 4068 1105 4117 G.
1122 4063 1134 4132 11
1151 4065 1258 4130 repulso
1268 4072 1327 4114 ante
1339 4078 1409 4115 corr.
1421 4062 1450 4112 G.
1465 4059 1478 4126 Η

340 4156 466 4207 residens
485 4155 506 4206 G
525 4153 609 4218 (Llclr
628 4152 751 4204 resident
763 4153 800 4202 H.
816 4148 829 4217 ΙΙ
846 4153 876 4201 11
894 4152 978 4202 inimo
992 4153 1020 4200 H
1033 4150 1150 4214 (G0Lle):
1170 4150 1256 4198 inimu
1268 4156 1328 4198 ante
1340 4162 1408 4198 corr.
1423 4146 1451 4196 G.
1466 4142 1479 4209 ll

250 4291 254 4297 .
341 4244 372 4291 12
392 4240 551 4291 exolescens
569 4254 628 4303 epo:
648 4237 792 4287 exsolvens
812 4237 863 4287 GH
880 4235 944 4299 (vox
962 4251 991 4285 se
1011 4236 1121 4286 solvens
1139 4233 1215 4294 doc).
1243 4229 1257 4298 ΙΙ
1285 4235 1316 4283 13
1335 4231 1480 4295 extingua-

340 4333 397 4376 tur:
424 4328 462 4376 sic
486 4325 545 4374 GH.
568 4319 580 4389 ΙΙ
608 4324 639 4372 15
662 4321 770 4372 resiliat
786 4323 858 4373 doc:
881 4320 1011 4382 resiliant
1034 4320 1084 4369 GH
1108 4316 1164 4382 (tl,
1188 4316 1314 4367 resilient
1339 4314 1389 4378 eh).
1413 4309 1426 4379 ss
1450 4315 1481 4363 16

341 4412 429 4462 iaciat
450 4411 530 4460 Lon:
553 4407 661 4458 faciunt
679 4407 737 4456 GH.
761 4402 773 4472 ΙΙ
796 4407 828 4455 18
846 4406 949 4455 diserta
967 4408 1002 4454 le:
1027 4403 1145 4453 disserta
1169 4403 1220 4452 GH
1243 4399 1298 4465 (L).
1320 4396 1332 4465 ll
1355 4402 1388 4449 20
1405 4399 1482 4449 vocis

342 4497 395 4547 GH
412 4496 459 4559 (L,
478 4494 548 4543 locis
565 4492 609 4556 lc).
630 4487 641 4557 ll
661 4494 693 4541 22
712 4496 742 4540 ut
759 4504 830 4553 quae
849 4490 919 4541 Joc:
943 4490 1037 4553 itaque
1056 4487 1106 4537 GH
1124 4485 1166 4549 (lc,
1184 4487 1279 4551 itaque
1292 4485 1334 4543 Ga
1348 4483 1482 4547 ita.quia

341 4582 385 4643 L).
405 4577 418 4646 ΙΙ
440 4579 619 4643 designentur
636 4576 664 4624 H
682 4573 766 4639 (Llelt
785 4580 921 4622 -nautur
940 4573 968 4624 G.
986 4569 997 4637 ΙΙ
1019 4572 1142 4621 habeant
1161 4570 1189 4618 H
1202 4568 1285 4632 (Llc):
1304 4567 1409 4618 habent
1427 4568 1455 4617 G.
1468 4564 1480 4633 11

342 4668 375 4716 23
392 4664 496 4714 Latina
515 4678 529 4712 e
549 4658 635 4726 (Lar.)
655 4656 883 4725 paribus<(Joe.):
901 4657 988 4706 latine
1010 4653 1089 4721 (-ne
1110 4656 1143 4704 0⁶
1161 4670 1214 4704 eum
1231 4653 1273 4719 ch)
1301 4652 1410 4703 ratibus
1432 4652 1485 4703 GH

344 4765 387 4830 (t,
406 4764 494 4815 latine
514 4763 583 4813 raris
602 4762 645 4827 le).
668 4758 680 4828 i}
707 4762 741 4811 26
759 4744 842 4824 quoia
863 4761 905 4812 6⁶.
