3984 5825
695 646 742 692 nn
764 645 1031 695 ssenrrnorusa
1055 646 1125 694 trs.
1149 649 1185 695 u.
1466 633 1508 697 43

365 799 522 885 spongiae
545 798 631 885 quod
653 798 730 863 inde
757 801 911 867 eximitur
933 823 999 864 non
1020 801 1054 864 in
1077 801 1226 865 omnibus
1250 801 1329 865 locis
1352 802 1508 884 nascitur,

365 903 430 965 uisi
452 902 576 965 circum
597 900 739 965 Aetnam
768 911 800 965 et
828 900 964 967 collibus
987 902 1117 989 Mysiae
1139 925 1222 988 quae
1244 925 1263 966 a
1286 903 1422 968 Graecis
1445 927 1509 967 κα-
1603 898 1605 903 ’

366 1025 600 1086 τακεκαυμενη
622 1004 808 1068 nominatur
830 1014 862 1070 et
884 1005 911 1067 si
936 1026 1018 1090 quae
1047 1002 1193 1067 eiusdem
1215 1003 1303 1068 modi
1326 1015 1402 1071 sunt
1424 1004 1507 1071 loco·

364 1128 438 1169 rum
470 1106 696 1192 proprietates.
754 1107 783 1169 si
817 1128 893 1190 crgo
921 1107 961 1196 ι111
988 1104 1039 1168 his
1062 1104 1142 1169 locis
1164 1128 1321 1193 aquarum
1343 1106 1508 1171 ferventes

365 1207 579 1272 inveniuntur
606 1205 713 1271 fontes
748 1216 780 1271 et
808 1208 841 1270 in
864 1207 1014 1271 omnibus
1043 1208 1210 1271 excavatis
1238 1207 1336 1272 calidi
1360 1223 1543 1294 vaporeas

365 1308 501 1395 ipsaque
528 1306 599 1372 loca
624 1306 667 1370 ab
695 1309 838 1394 antiquis
867 1318 1086 1372 memorantur
1114 1319 1329 1394 pervagantes
1358 1311 1393 1372 in
1420 1311 1508 1393 agris

365 1409 519 1474 habuisse
545 1407 694 1490 ardores,
725 1409 857 1474 videtur
885 1432 957 1474 esse
983 1419 1109 1473 certum
1130 1409 1172 1472 ab
1195 1411 1282 1495 ignis
1305 1409 1510 1475 vehementia

366 1532 383 1574 e
410 1509 479 1575 tofo
504 1508 671 1596 terraque,
701 1511 974 1597 quemadmodum
996 1511 1032 1574 in
1053 1510 1240 1576 fornacibus
1264 1533 1306 1575 ex
1328 1509 1433 1592 calce,
1463 1514 1509 1575 ita

329 1624 408 1676 rex
434 1611 487 1675 his
515 1620 662 1698 ereptum
689 1633 761 1676 esse
791 1610 959 1699 liquorem.
1009 1613 1111 1696 igitur
1138 1611 1352 1677 dissimilibus
1382 1622 1414 1676 et
1442 1613 1508 1676 dis-

364 1713 498 1801 paribus
512 1711 610 1777 rebus
626 1715 783 1800 correptis
799 1724 832 1778 et
846 1714 881 1778 in
895 1737 993 1778 unam
1015 1724 1209 1801 potestatem
1231 1712 1379 1795 conlatis,
1403 1712 1509 1778 calida
1529 1728 1560 1776 10

362 1814 486 1879 umoris
516 1814 667 1879 ieiunitas
696 1837 780 1902 aqua
806 1828 940 1907 repente
968 1816 1085 1880 satiata
1113 1815 1338 1880 communibus
1367 1816 1508 1901 corpori-

364 1916 426 1980 bus
447 1913 564 1980 latenti
584 1915 691 1980 calore
712 1917 929 1983 confervescit
952 1926 984 1980 et
1007 1917 1216 1981 vehementer
1238 1917 1339 1981 efficit
1361 1939 1400 1980 ea
1422 1918 1509 1980 coire

364 2015 577 2103 celeriterque
598 2040 696 2082 unam
719 2017 894 2084 soliditatis
917 2020 1086 2106 percipere
1109 2019 1276 2082 virtutem.

448 2117 666 2205 Relinquetur
693 2119 907 2202 desideratio,
936 2121 1089 2206 quoniam
1116 2122 1194 2183 item
1221 2130 1297 2186 sunt
1319 2122 1353 2184 in
1375 2121 1509 2185 Etruria
1568 2183 1585 2192 ,

363 2242 406 2283 ex
419 2242 505 2306 aqua
520 2219 626 2284 calida
641 2221 748 2286 crebri
768 2222 875 2287 fontes
882 2272 892 2304 ,
915 2221 995 2308 quid
1017 2222 1064 2286 ita
1085 2244 1151 2286 non
1174 2223 1271 2286 etiam
1294 2222 1342 2287 ibi
1364 2225 1509 2286 nascitur
1528 2233 1560 2282 15

362 2321 491 2407 pulvis,
520 2343 539 2384 e
566 2344 629 2408 quo
658 2323 772 2386 eadem
799 2324 924 2387 ratione
947 2323 1009 2387 sub
1031 2346 1116 2410 aqua
1138 2333 1302 2388 structura
1323 2323 1508 2390 solidescat.

362 2424 473 2509 itaque
488 2423 596 2487 visum
619 2434 669 2489 cst
689 2434 864 2511 antequam
886 2423 1126 2489 desideraretur
1149 2426 1190 2489 de
1212 2425 1263 2489 his
1285 2425 1382 2490 rebus
1398 2448 1509 2512 quem·

329 2535 345 2584 5
364 2522 540 2588 admodum
563 2547 634 2590 esse
655 2524 829 2590 videantur
851 2548 1024 2612 exponere.
1074 2527 1224 2592 omnibus
1247 2526 1325 2591 locis
1350 2536 1382 2590 et
1403 2528 1508 2611 regio-

362 2624 459 2690 nibus
486 2647 552 2690 non
580 2627 693 2690 eadem
719 2649 840 2712 genera
867 2637 972 2691 terrae
993 2650 1055 2691 nec
1076 2625 1202 2715 lapides
1224 2639 1418 2711 nascuntur,
1449 2627 1510 2692 sed

363 2726 520 2792 nonnulla
555 2739 630 2792 sunt
662 2738 792 2793 terrena
818 2726 882 2792 alia
910 2726 1063 2794 sabulosa
1090 2730 1234 2815 itemque
1260 2729 1409 2813 glareosa
1435 2729 1560 2794 aliisae

362 2828 441 2893 locis
457 2828 616 2894 harenosa
629 2852 696 2894 non
709 2830 816 2894 minus
839 2831 991 2913 materia,
1016 2839 1047 2893 et
1070 2832 1199 2895 omnino
1223 2830 1377 2895 dissimili
1400 2831 1507 2918 dispa-

361 2933 455 3018 rique
481 2953 601 3017 genere
628 2933 663 2996 in
689 2934 859 3017 regionum
887 2931 1102 2996 varietatibus
1131 2930 1304 3017 qualitates
1334 2934 1446 2996 insunt
1474 2934 1509 2995 in

363 3043 461 3097 terra.
491 3035 633 3098 maxime
647 3045 755 3099 autem
771 3035 806 3099 id
823 3036 871 3098 sic
893 3033 969 3098 licet
991 3032 1198 3097 considerare
1221 3033 1307 3118 quod
1330 3056 1394 3119 qua
1415 3055 1507 3097 mons

361 3134 578 3222 Appenninus
600 3138 748 3221 regiones
772 3134 888 3200 ltaliae
911 3135 1126 3221 Etruriaeque
1150 3135 1236 3197 circa
1258 3135 1377 3218 cingit,
1406 3155 1508 3220 prope

361 3237 396 3299 in
411 3236 561 3301 omnibus
584 3236 663 3303 locis
685 3260 750 3303 non
772 3238 890 3301 desunt
911 3236 1045 3301 fossicia
1066 3235 1248 3317 harenaria,
1271 3245 1360 3299 trans
1373 3234 1505 3322 Appen·
1526 3250 1559 3296 ⁴25

360 3338 475 3402 ninum
502 3359 581 3402 vero
604 3342 695 3426 'quae
716 3362 791 3427 pars
814 3350 864 3404 est
889 3338 933 3402 ad
955 3337 1184 3401 Hadriaticum
1210 3359 1314 3418 mare,
1342 3335 1431 3401 nulla
1459 3338 1506 3399 in-

362 3440 549 3522 veniuntur,
572 3441 650 3505 item
665 3440 791 3506 Achaia
806 3441 888 3506 Asia
903 3440 1034 3505 omnino
1055 3447 1144 3503 trans
1167 3461 1255 3502 mare
1277 3461 1318 3502 ne
1340 3439 1506 3504 nominan-

430 3597 576 3645 2aetnsm
589 3597 618 3646 H
630 3593 666 3660 (et
683 3604 743 3646 ante
755 3613 823 3646 corr.
833 3597 868 3659 L,
886 3598 939 3644 'tna
950 3593 980 3659 1),
1000 3595 1129 3644 aethnam
1149 3594 1230 3659 G(c)‚
1250 3596 1362 3646 ethnam
1382 3596 1417 3645 60
1430 3595 1478 3658 (11).
1493 3593 1505 3657 il

293 3681 297 3690 '
362 3679 486 3742 mysciae
504 3671 564 3729 ante
586 3696 654 3731 corr.
680 3681 709 3731 G.
739 3677 751 3745 ΙΙ
780 3676 1032 3744 catacaelcaumae
1052 3679 1080 3728 H
1102 3676 1212 3747 (cataee
1237 3696 1351 3731 caumas
1379 3678 1466 3745 [-me
1485 3676 1505 3745 1]

362 3763 432 3826 hle),
451 3768 518 3813 cata
536 3780 718 3815 cecaumenoe
739 3765 760 3815 G
778 3760 854 3827 (cata
873 3779 1054 3814 cecanmeuos
1073 3763 1127 3824 60).
1153 3759 1165 3829 [Ι
1188 3767 1204 3813 3
1223 3764 1347 3815 eiusdem
1366 3764 1437 3814 modi
1457 3764 1507 3813 Gll

363 3846 410 3909 (L,
435 3846 496 3898 eius
518 3848 592 3898 modi
613 3848 655 3909 lc).
680 3845 692 3915 ΙΙ
720 3850 736 3899 5
759 3830 898 3900 omnibffs:
929 3850 967 3899 sic
990 3849 1040 3898 GH
1068 3845 1218 3910 (montibus
1240 3849 1318 3911 don).
1348 3844 1359 3913 ΙΙ
1387 3851 1436 3898 8¹e
1462 3845 1507 3910 (ex

361 3928 442 3993 Joc.):
462 3930 485 3981 dr
504 3932 555 3982 GH
576 3930 623 3995 (aa
642 3948 675 3982 ae
697 3948 777 3997 comp.
796 3930 868 3995 arn).
892 3929 904 3997 ΙΙ
933 3948 965 3981 ex
989 3932 1067 3982 calce
1087 3932 1171 3985 Man:
1195 3929 1334 3982 &scales
1354 3931 1412 3983 GH.
1439 3927 1450 3995 [l
1475 3933 1504 3979 11

362 4029 434 4079 aqua
459 4017 481 4065 G
502 4013 546 4078 (cf.
564 4033 591 4080 p.
612 4020 655 4074 35,
673 4016 714 4080 9):
743 4032 833 4082 aquae
856 4018 886 4066 H
903 4013 983 4080 (Lle).
1008 4013 1019 4081 [Ι
1043 4018 1075 4065 14
1099 4016 1165 4064 itern
1189 4016 1265 4065 Lon:
1291 4018 1331 4066 ita
1355 4014 1414 4064 GH.
1438 4010 1450 4078 ll
1475 4016 1507 4064 15

363 4115 415 4150 ess
430 4099 434 4163 Ι
451 4114 526 4163 aqna
545 4100 574 4152 Η.
597 4096 609 4166 ΙΙ
633 4100 736 4152 callida
754 4110 813 4153 ante
831 4118 899 4153 corr.
918 4102 954 4150 H.
978 4095 990 4166 ΙΙ
1014 4101 1152 4151 nascitur:
1171 4102 1209 4149 sic
1228 4101 1286 4150 GH.
1309 4095 1322 4166 [l
1346 4099 1377 4147 16
1396 4098 1504 4147 ratione

363 4184 392 4233 θ.
414 4180 426 4249 ΙΙ
449 4185 483 4234 20
501 4184 631 4249 glareosa
651 4185 684 4235 G:
708 4185 830 4250 gloriosa
848 4187 876 4235 H
895 4184 974 4250 (Llc).
997 4181 1010 4251 Η
1033 4185 1106 4235 alius
1125 4190 1183 4233 unte
1202 4200 1270 4233 corr.
1289 4184 1326 4232 H.
1355 4178 1366 4248 ss
1395 4185 1427 4231 21
1448 4198 1503 4231 ma-

361 4268 429 4317 teria
449 4268 478 4317 H
496 4265 616 4333 (Gchlclz
636 4275 748 4320 marene
769 4271 790 4320 G
812 4268 870 4333 (sed
893 4271 927 4320 (1⁷⁶
943 4286 1024 4334 supra
1042 4287 1056 4319 e
1074 4285 1125 4318 ser.
1145 4268 1412 4317 la=velmateria
1436 4262 1448 4332 ΙΙ
1472 4269 1504 4316 23

361 4353 402 4401 sie
418 4352 486 4402 licet
504 4349 548 4416 (L,
566 4354 600 4416 cf.
619 4370 642 4406 c.
655 4358 681 4413 8,
695 4355 752 4419 11):
772 4355 866 4404 silicet
883 4362 942 4404 ante
955 4371 1025 4405 corr.
1047 4355 1075 4409 Η,
1094 4353 1202 4402 scilicet
1215 4353 1243 4400 Η
1255 4350 1346 4417 (6010).
1370 4349 1381 4417 ll
1405 4354 1438 4401 24
1456 4367 1504 4415 ap-

362 4436 502 4500 pennimus
524 4445 583 4487 ante
605 4454 659 4487 rus.
680 4439 709 4488 G.
732 4435 745 4504 ll
768 4440 888 4505 regionis
907 4441 936 4487 H
955 4438 999 4501 (c),
1030 4434 1041 4502 ll
1070 4438 1156 4485 circa:
1181 4438 1219 4485 cic
1244 4436 1304 4486 GH.
1332 4433 1344 4501 ΙΙ
1372 4438 1404 4484 26
1428 4437 1504 4500 paris

363 4527 419 4569 ante
437 4536 491 4570 ras.
512 4520 541 4572 G.
563 4517 576 4587 ΙΙ
599 4526 613 4571 c
630 4522 664 4571 ad
683 4523 822 4573 adriatici
843 4524 875 4574 G:
896 4529 938 4573 est
956 4521 1122 4573 adriaticum
1141 4518 1199 4583 (om.
1220 4518 1264 4583 ad)
1284 4521 1314 4568 H
1331 4518 1411 4583 (Llc).
1435 4518 1446 4586 ll
1470 4523 1503 4569 27

364 4604 422 4654 asia
439 4604 564 4654 omnino:
582 4608 619 4657 sic
637 4606 702 4671 (sine
721 4606 760 4671 et)
781 4608 839 4657 GH.
863 4604 875 4673 ll
898 4612 955 4656 tras
976 4608 1004 4657 G.
1029 4601 1041 4670 ΙΙ
1064 4619 1098 4654 ne
1111 4605 1287 4654 nominantur
1298 4606 1367 4656 dou:
1388 4620 1439 4654 nec
1457 4621 1504 4654 no·

363 4687 481 4741 minetur
500 4689 558 4740 GH.
