3984 5825
641 707 687 752 nn
710 705 976 754 sncnrrncruns
1002 708 1071 754 nm.
1096 708 1142 753 rv.
1421 692 1463 756 95

314 869 372 924 aut
394 860 537 940 decima,
566 881 625 945 pro
652 867 723 922 rata
744 868 848 944 parte.
891 860 925 922 in
948 859 1100 923 concluso
1123 861 1209 922 enim
1231 881 1305 922 aere
1328 859 1356 922 si
1380 882 1463 946 quae

317 970 515 1026 extenuatae
536 968 647 1044 erunt,
679 981 746 1023 non
768 959 1004 1025 discernentur.
1050 961 1101 1025 sin
1128 969 1237 1024 autem
1261 959 1462 1025 videbuntur

316 1063 526 1149 graciliores,
561 1082 634 1125 cum
662 1062 880 1150 exterioribus
908 1063 1032 1126 luerint
1058 1063 1157 1126 striae
1189 1081 1239 1127 xx
1266 1071 1322 1126 aut
1345 1079 1461 1146 xx1111,

316 1167 352 1229 in
383 1165 437 1229 his
467 1162 639 1228 faciendae
672 1174 768 1226 amnt
800 1181 914 1228 xxvnr
947 1174 1004 1229 aut
1036 1182 1149 1228 xxxu.
1204 1165 1252 1228 ita
1285 1163 1374 1250 quod
1406 1164 1459 1228 de·

315 1267 460 1332 trahitur
482 1265 523 1330 de
545 1287 681 1352 corpore
703 1266 809 1351 scapi,
839 1266 992 1331 striarum
1014 1288 1148 1330 numero
1170 1266 1298 1330 adiecto
1320 1265 1461 1350 adauge·
1483 1281 1498 1328 5

315 1370 408 1433 bitur
428 1370 554 1432 ratione
577 1389 641 1453 quo
669 1368 777 1431 minus
806 1366 973 1450 videatur,
996 1377 1028 1432 et
1055 1369 1102 1432 ita
1130 1366 1368 1454 exaequabitur
1397 1368 1462 1432 dis-

282 1471 390 1557 spari
415 1470 543 1535 ratione
570 1467 793 1534 columnarum
827 1470 1022 1533 crassitudo.
1072 1470 1133 1534 hoc
1160 1479 1268 1533 autern
1296 1468 1398 1533 efficit
1426 1492 1463 1532 ea

315 1573 400 1636 ratio
424 1571 512 1657 quod
534 1569 646 1636 oculus
668 1569 763 1657 plura
791 1580 824 1634 et
846 1570 1010 1634 crebriora
1038 1572 1133 1657 signa
1154 1570 1318 1656 tangendo
1340 1574 1463 1635 maiore

316 1676 410 1738 visus
439 1673 666 1737 circumitione
699 1681 908 1758 pervagatur.
958 1657 1099 1760 namque
1127 1674 1154 1737 si
1183 1673 1267 1736 duae
1295 1672 1462 1736 columnae

315 1797 421 1862 aeque
443 1796 573 1839 crassae
600 1773 696 1838 lineis
719 1774 1034 1858 circummetientur,
1065 1774 1223 1860 equibus
1246 1796 1311 1837 una
1334 1776 1376 1838 sit
1398 1798 1463 1838 non
1483 1791 1513 1837 10

316 1878 435 1942 striata
456 1885 488 1939 et
509 1875 612 1941 altera
634 1877 765 1958 striata,
794 1885 827 1940 ct
848 1877 936 1939 circa
962 1875 1129 1960 striglium
1158 1898 1238 1938 cava
1266 1886 1298 1940 51
1325 1875 1462 1961 angulos

317 1980 473 2044 striarum
495 1977 581 2042 linea
602 1998 738 2065 corpora
758 1986 888 2063 tangat,
911 1978 1042 2041 tametsi
1065 1976 1232 2041 columnae
1253 1999 1355 2065 aeque
1377 2000 1462 2042 cras·

318 2103 374 2144 sae
396 2079 529 2162 fuerint,
552 2080 657 2144 lineae
679 2101 762 2166 quae
785 2079 1004 2143 circumdatae
1027 2090 1121 2144 erunt
1142 2102 1208 2143 non
1229 2089 1325 2143 erunt
1345 2102 1462 2166 acqua-

317 2181 377 2264 les,
401 2182 489 2269 quod
505 2182 657 2245 striarum
672 2191 704 2245 et
720 2180 882 2267 striglium
899 2182 1056 2245 circuitus
1071 2182 1226 2244 maiorem
1243 2179 1343 2245 efficit
1358 2181 1463 2246 lineae

318 2282 570 2368 longitudinem.
606 2284 658 2346 sin
678 2292 787 2346 autem
810 2281 871 2345 hoc
892 2283 939 2346 ita
961 2283 1140 2366 videbitur,
1163 2304 1228 2346 non
1251 2293 1300 2348 est
1320 2283 1461 2347 alienum
1483 2301 1514 2348 15

318 2387 354 2449 15
374 2385 525 2469 angustis
549 2383 627 2448 locis
650 2385 731 2448 etin
747 2382 899 2448 concluso
915 2386 1022 2470 spatio
1037 2384 1227 2470 graciliores
1243 2384 1462 2448 columnarum

319 2487 528 2574 symmetrias
549 2486 594 2565 ir)
607 2507 704 2574 opere
726 2486 939 2569 constituere,
969 2509 1043 2550 cum
1065 2486 1242 2551 habeamus
1270 2486 1462 2551 adiutricem

280 2599 299 2647 4
319 2589 493 2652 striaturae
508 2597 770 2675 temperaturam.
810 2588 915 2674 ipsius
930 2599 1038 2653 autern
1055 2588 1155 2652 cellae
1170 2591 1331 2675 parietum
1346 2591 1462 2653 crassi-
1494 2605 1497 2611 '

317 2688 468 2753 tudinem
488 2712 548 2775 pro
566 2700 638 2754 rata
658 2699 750 2776 parte
770 2690 1008 2775 magnitudinis
1023 2690 1093 2754 fieri
1109 2701 1252 2776 oportet,
1276 2692 1352 2754 dum
1368 2701 1463 2755 antae

318 2814 429 2856 corum
440 2791 713 2856 crassitudinibus
725 2789 947 2855 columnarum
959 2794 1025 2856 sint
1036 2791 1198 2878 aequales.
1228 2802 1260 2856 51
1277 2793 1305 2856 si
1323 2794 1463 2855 extructi
1482 2812 1515 2857 ro

319 2893 423 2958 futuri
440 2903 528 2977 sunt,
545 2916 641 2981 quam
655 2893 885 2959 minutissimis
901 2895 1077 2958 caementis
1094 2903 1272 2977 struantur,
1290 2895 1340 2957 sin
1355 2904 1463 2959 autem

319 2996 480 3082 quadrato
495 3017 575 3061 saxo
589 3006 833 3079 aut-marmore,
848 2999 991 3060 maxime
1005 2995 1143 3060 modicis
1158 2995 1357 3083 paribusque
1373 2995 1463 3057 vide—

300 3109 374 3165 tur
401 3120 474 3163 esse
501 3098 708 3182 faciundum,
744 3097 830 3185 quod
858 3098 966 3161 media
992 3107 1183 3183 coagmenta
1210 3097 1310 3160 medii
1339 3095 1463 3183 lapides

319 3202 523 3266 continentes
546 3200 720 3273 firmiorem
736 3200 857 3264 facient
873 3202 977 3265 omnis
992 3202 1099 3288 operis
1114 3200 1362 3287 perfectionem,
1386 3201 1463 3263 item

320 3303 444 3365 circum
467 3312 657 3387 coagmenta
679 3312 711 3366 et
734 3301 856 3365 cubilia
878 3305 1057 3366 eminentes
1086 3304 1309 3389 expressiones
1332 3300 1462 3387 graphi·
1482 3318 1515 3367 ‘25

320 3414 454 3468 coteran
476 3402 620 3494 efficient
643 3405 677 3466 in
699 3411 835 3491 aspectu
857 3402 1117 3469 delectationem.

288 3519 301 3566 1
404 3505 569 3590 Regiones
590 3514 699 3569 autem
722 3527 802 3589 quas
825 3504 945 3569 debent
967 3515 1114 3592 spectare
1135 3507 1232 3569 aedes
1256 3528 1366 3569 sacrae
1381 3490 1463 3570 deo·
1483 3522 1507 3573 V

321 3627 393 3669 rum
421 3604 660 3690 inmortalium,
689 3607 737 3669 sic
765 3617 859 3670 erunt
881 3608 1129 3672 constituendae
1150 3609 1198 3671 uti
1221 3610 1249 3671 si
1271 3607 1361 3672 nulla
1382 3612 1465 3674 ratio

389 3816 406 3863 a
423 3812 475 3862 xx
492 3817 541 3863 aut
558 3814 620 3863 aaa.
638 3812 748 3864 neam
765 3810 864 3878 (striae
886 3819 965 3870 (-se
980 3812 985 3880 Ι
1003 3816 1033 3871 ur
1049 3814 1159 3880 xxnn
1178 3815 1249 3879 un).
1276 3812 1288 3880 (Ι
1315 3818 1332 3865 4
1355 3795 1464 3881 fiunti·

323 3897 365 3947 Ge,
385 3893 398 3963 Ι(
421 3898 511 3959 equo
528 3897 560 3946 H
574 3893 658 3961 (Llc):
677 3897 748 3963 quod
767 3896 826 3962 (qd)
846 3898 875 3947 6.
898 3895 910 3964 (Ι
933 3899 1064 3950 videatur
1081 3914 1140 3963 eqo:
1159 3900 1268 3949 videtur
1286 3900 1318 3946 H
1332 3899 1404 3961 (115,
1424 3916 1465 3948 ιιι-

321 3981 433 4046 (15151155
453 3979 652 4044 11),νὶ(15151155
670 3983 699 4034 G.
721 3978 734 4047 1(
754 3983 770 4031 8
788 3984 869 4048 signa
883 3984 1024 4049 tangendo
1047 3984 1113 4037 Lar:
1137 3984 1231 4049 signat
1253 3982 1390 4047 tangendo
1415 3985 1466 4033 GH

321 4061 422 4131 (1515).()
439 4065 582 4116 iterasse
603 4065 713 4131 11(-55
733 4066 1000 4130 decennarius,
1020 4069 1119 4118 crassis
1139 4068 1180 4131 L).
1198 4064 1209 4131 (Ι
1231 4070 1260 4116 11
1282 4070 1310 4116 51
1327 4068 1388 4116 cdd.
1407 4067 1463 4116 155.

321 4147 434 4213 (striata
446 4149 523 4200 circa
535 4148 606 4215 GH).
625 4147 638 4217 Ι)
652 4150 800 4217 striglium:
818 4156 858 4202 515
871 4153 928 4211 GH,
946 4159 974 4201 51
991 4153 1079 4202 quen.
1094 4156 1118 4209 3,
1133 4155 1184 4200 263
1198 4150 1341 4215 striglibus
1358 4148 1465 4215 (strigi—

321 4233 389 4284 lium
407 4234 472 4287 Lar.
491 4235 527 4297 rs.
541 4235 620 4292 Neue,
639 4236 700 4288 Lat.
712 4236 797 4290 Foras.
816 4237 841 4296 I,
854 4240 912 4287 266.
935 4238 1076 4287 Schneider
1095 4230 1249 4300 1125551(
1269 4237 1299 4285 13
1318 4251 1371 4285 555
1385 4239 1465 4283 erunt

321 4320 383 4368 ads.
409 4320 469 4369 Joc.
496 4317 676 4381 (circumdate
698 4326 779 4370 erunt
799 4326 890 4377 (erunt
905 4321 910 4385 Ι
927 4323 957 4378 G)
974 4320 1106 4385 aequales
1130 4318 1204 4381 GH).
1228 4315 1240 4384 (Ι
1264 4320 1295 4368 14
1313 4319 1464 4383 striglium:

321 4420 439 4471 5151111.
461 4416 475 4485 (Ι
499 4419 588 4470 efficit
605 4421 637 4469 H
652 4420 734 4485 (Lan
755 4422 859 4473 efficiet
878 4425 910 4473 (ι’.
929 4419 940 4489 (Ι
962 4425 994 4472 16
1011 4413 1084 4487 ilicis
1104 4422 1148 4471 Gc.
1169 4416 1180 4484 ll
1201 4420 1232 4467 18
1251 4421 1399 4470 striaturae
1418 4436 1465 4485 ego

323 4504 463 4568 (striarum
481 4505 547 4571 ed.)t
567 4508 726 4556 striatarum
746 4492 805 4561 GH.
829 4503 840 4573 Ι)
863 4507 973 4572 parieti
993 4506 1014 4553 G
1033 4502 1092 4567 (L):
1112 4508 1192 4567 parte
1210 4507 1266 4551 tum
1279 4505 1310 4552 H
1321 4504 1374 4567 (15).
1397 4500 1409 4569 ll
1434 4507 1465 4554 19

322 4588 523 4654 magnitudinis
543 4590 576 4642 G:
605 4606 687 4641 -ncs
706 4591 738 4640 H
756 4590 835 4656 (Lic).
861 4588 928 4656 ((20
946 4588 1078 4638 exstructi
1098 4588 1131 4643 6,
1156 4590 1274 4638 extructi
1288 4589 1330 4640 H:
1348 4588 1410 4652 sort.
1432 4605 1465 4638 ex

322 4677 440 4723 structo.
460 4669 473 4740 Ι(
496 4674 715 4725 23155155115155
745 4678 783 4726 sic
807 4674 865 4726 GH.
889 4670 901 4741 (1
923 4672 1031 4737 lapides
1054 4672 1090 4722 L:
1120 4671 1223 4737 lapidis
1248 4674 1301 4723 GH
1322 4670 1375 4738 (15).
1398 4669 1410 4740 1)
1433 4674 1466 4724 26

323 4758 551 4834 graphicoteran:
569 4761 607 4810 sir
626 4759 684 4813 GH.
1144 4788 1146 4793 ·
