3984 5825
698 655 744 702 na
767 655 1033 703 nocturnorum
1058 657 1125 703 nm.
1149 655 1182 702 v.
1445 640 1503 706 127

446 811 543 873 Nunc
565 808 645 872 mihi
668 807 799 872 videtur
820 811 895 890 iam,
920 810 980 872 etsi
1003 832 1068 873 non
1090 810 1155 873 sint
1177 808 1311 872 Italicae
1334 819 1502 874 eonsuetu—
1522 833 1561 882 XI

360 911 462 993 dinis,
486 898 722 998 palaestrarum
743 909 986 975 aedificationes
1008 911 1147 974 traditas
1162 920 1272 975 tamen
1286 911 1451 996 explicare
1473 922 1505 975 ct

361 1013 636 1099 quemadmodum
669 1011 757 1098 apud
786 1010 929 1075 Graecos
964 1015 1203 1076 constituantur
1234 1023 1425 1077 monstrare.
1470 1014 1504 1075 in

360 1114 536 1200 palaestris
558 1113 730 1200 peristylia
753 1114 910 1198 quadrata
932 1115 1003 1177 sive
1026 1114 1166 1198 oblonga
1188 1115 1234 1178 ita
1256 1124 1332 1179 sunt
1353 1113 1504 1177 facienda

358 1218 410 1280 uti
431 1215 570 1280 duorum
597 1215 777 1279 stadiorum
805 1215 946 1279 habeant
975 1215 1206 1280 ambulationis
1235 1217 1537 1299 circumitionem,o

359 1316 446 1402 quod
471 1317 590 1382 Graeci
617 1326 737 1381 vocant
765 1317 923 1401 ὃιαυλον,
957 1318 1140 1402 exquibus
1170 1327 1236 1381 tres
1258 1320 1403 1405 porticus
1426 1320 1501 1383 sim·

358 1419 461 1506 plices
487 1419 717 1505 disponantur,
750 1427 865 1504 quarta
887 1440 970 1504 quae
997 1419 1040 1482 ad
1061 1418 1258 1482 meridianas
1280 1421 1430 1504 regiones
1454 1429 1502 1483 est

357 1543 518 1584 conversa
524 1570 533 1603 ,
567 1519 705 1606 duplex,
733 1522 782 1583 uti
810 1542 883 1583 cum
911 1528 1124 1606 tempestates
1147 1530 1302 1585 ventosae
1324 1523 1408 1603 sint,
1437 1543 1502 1585 non

317 1639 335 1685 a
357 1623 462 1709 possit
483 1643 619 1709 aspergo
641 1623 676 1684 in
697 1622 885 1685 interiorem
904 1631 1029 1708 partem
1045 1623 1226 1709 pervenire.
1264 1624 1503 1687 constituantur

356 1733 466 1788 autem
489 1725 524 1787 in
545 1723 652 1787 tribus
674 1724 854 1809 porticibus
878 1723 1018 1787 exedrae
1039 1725 1212 1810 spatiosae,
1235 1718 1501 1788 habenteshcdcs
1523 1742 1552 1790 10
1624 1732 1628 1739 ’

358 1827 392 1887 in
416 1824 535 1911 quibus
559 1824 745 1911 philosophi
766 1824 913 1889 rhetores
928 1825 1110 1911 reliquique
1131 1828 1187 1911 qui
1203 1826 1321 1917 studiis
1337 1824 1500 1889 delectan-

358 1936 412 1990 tur
439 1927 591 2003 sedentes
626 1927 793 2013 disputare
827 1928 963 2013 possint.
1019 1928 1054 1990 in
1082 1927 1206 2013 duplici
1239 1936 1347 1991 autem
1373 1929 1501 2013 porticu

309 2098 312 2103 ,
358 2027 570 2092 conlocentur
597 2028 677 2097 haec
703 2028 859 2091 membra.
899 2027 1078 2114 ephebeum
1100 2031 1136 2093 in
1157 2028 1282 2110 modio,
1310 2028 1371 2092 hoc
1392 2039 1500 2092 autem

358 2140 409 2194 est
431 2130 554 2194 exedra
576 2130 779 2216 amplissima
801 2152 874 2194 eum
889 2130 1035 2212 sedibus,
1059 2153 1141 2217 quae
1156 2132 1253 2195 tertia
1267 2139 1359 2217 parte
1374 2129 1502 2214 longior

356 2233 401 2295 sit
423 2254 520 2317 quam
543 2232 617 2297 lata.
662 2233 723 2297 sub
745 2231 863 2295 dextra
885 2254 1073 2318 eoryceum,
1103 2233 1222 2297 deinde
1243 2234 1392 2319 proxime
1414 2234 1499 2296 coni·
1520 2252 1551 2299 15

260 2370 265 2378 ³
357 2333 506 2415 sterium,
527 2357 548 2397 a
563 2336 738 2399 conisterio
753 2335 787 2397 in
802 2356 937 2398 versura
951 2337 1096 2420 porticus
1112 2335 1234 2419 frigida
1249 2334 1381 2416 lavatio,
1404 2357 1500 2421 quam

360 2435 480 2500 Graeci
495 2439 642 2520 λουτρον
656 2437 812 2500 vocitant.
857 2435 900 2498 ad
921 2438 1087 2501 sinistram
1103 2436 1240 2523 ephebei
1256 2437 1499 2518 elaeothesium,

358 2539 507 2623 proxime
534 2547 643 2603 autem
671 2537 903 2601 elaeothesium
930 2538 1153 2621 frigidarium,
1182 2540 1348 2624 abeoquo
1375 2539 1439 2602 iter
1465 2539 1500 2600 in

357 2639 573 2725 propnigeum
599 2641 634 2703 in
661 2662 797 2703 versura
824 2641 979 2727 porticus.
1029 2642 1178 2726 proxima
1205 2650 1314 2705 autem
1339 2641 1500 2704 introrsus

358 2763 376 2804 e
398 2741 718 2839 rpgionetrigidarii
740 2741 926 2806 conlocetur
953 2752 1176 2806 concamerata
1203 2742 1331 2806 sudatio
1358 2740 1499 2826 longitu-
1518 2762 1551 2810 2ο

357 2842 435 2907 dine
457 2843 581 2930 duplex
603 2866 700 2930 quam
722 2842 878 2927 latitudo,
902 2865 984 2929 quac
1006 2843 1125 2906 habeat
1146 2844 1181 2905 in
1203 2845 1348 2906 versuris
1371 2865 1414 2906 cx
1435 2865 1501 2907 una

296 2929 303 2940 ⁸
356 2955 449 3032 parte
471 2944 652 3018 laconicum
673 2948 716 3010 ad
739 2946 877 3011 cundem
899 2945 1031 3009 modum
1052 2946 1102 3009 uti
1123 2945 1210 3031 qued
1231 2946 1500 3031 suprascriptum

356 3058 418 3130 est,
442 3049 668 3134 compositum,
693 3071 735 3111 ex
756 3049 895 3113 adverso
918 3047 1055 3112 laconici
1078 3046 1205 3112 caldam
1220 3046 1426 3110 lavationem.
1464 3048 1499 3110 in

355 3148 521 3235 palaestra
542 3150 729 3236 peristylia,
759 3150 1331 3236 quemadmodumsuprascriptum
1359 3157 1423 3229 est,
1452 3150 1499 3213 ita

321 3250 480 3315 3debent
514 3272 586 3315 esse
620 3252 763 3337 perfecte
792 3252 979 3317 distributa.
1030 3261 1124 3315 extra
1150 3260 1258 3314 autem
1286 3250 1499 3336 disponantur
1517 3268 1549 3316 25

425 3510 514 3559 liam
539 3509 592 3559 etsi
616 3510 678 3560 GH:
709 3510 820 3559 tametsi
843 3512 885 3560 ed.
910 3505 922 3575 Η
950 3509 1186 3560 2aedificatiouis
1210 3512 1240 3560 H
1260 3509 1355 3574 (-nes
1375 3508 1464 3573 etro).
1484 3508 1497 3576 Η

355 3595 477 3645 traditas
496 3595 573 3644 Lea:
597 3594 717 3646 traditae
736 3594 809 3660 (-te
830 3595 861 3657 G)
882 3596 939 3644 GH.
962 3592 974 3661 Η
1003 3598 1019 3646 3
1037 3605 1095 3660 post
1120 3596 1324 3645 constituantur
1346 3601 1500 3647 monstrare

353 3682 444 3730 stadio
461 3681 488 3729 io
507 3680 557 3729 GH
576 3678 603 3744 (ἰ.
623 3696 645 3730 e.
664 3681 690 3728 in
708 3680 819 3730 omnibus
836 3678 975 3743 codicibus)
999 3682 1160 3744 arripiuntur
1182 3680 1260 3731 uerba
1281 3698 1304 3731 v.
1328 3684 1411 3732 9-12
1436 3696 1499 3731 con-

354 3765 509 3815 stituantur
522 3791 554 3799 —
570 3764 711 3829 disputare
734 3765 861 3829 possint.
875 3781 940 3830 quae
959 3773 1094 3831 postquam
1117 3780 1231 3815 errorem
1257 3767 1377 3816 indicavit
1399 3767 1500 3816 Mercu·
1551 3783 1554 3787 ·

353 3851 437 3909 ciclis,
455 3852 482 3899 in
498 3850 631 3914 proprium
647 3853 727 3900 Iocum
744 3851 854 3899 restituit
874 3850 982 3899 (loliani.
1006 3845 1018 3915 11
1041 3852 1058 3898 4
1077 3852 1133 3899 sint
1149 3852 1179 3900 H
1191 3849 1247 3912 (L).
1266 3847 1278 3917 Η
1293 3852 1308 3897 6
1327 3851 1440 3899 diaulon
1457 3852 1498 3900 ed.

354 3935 410 3985 Fr:
430 3932 553 3983 diaulam
572 3933 631 3986 GH.
655 3930 668 4001 Η
689 3936 705 3984 8
723 3935 790 3983 sint:
809 3936 847 3983 sie
866 3935 924 3987 GH.
946 3931 958 4000 Η
988 3936 1021 3983 14
1040 3935 1159 3985 exhedra
1178 3936 1229 3984 GH
1251 3932 1298 3996 (L,
1322 3934 1424 3983 exedra
1442 3941 1499 3983 ante

354 4034 425 4070 corr.
445 4018 488 4076 ch,
512 4018 614 4067 exedra
633 4017 745 4076 Gclcssld,
769 4026 796 4067 ut
817 4034 897 4083 supra
920 4037 941 4068 υ.
961 4022 993 4067 10
1011 4018 1117 4082 omnes).
1141 4015 1153 4084 Η
1178 4034 1248 4082 quae
1270 4020 1331 4068 add.
1350 4019 1408 4068 doc.
1433 4014 1445 4083 Η
1468 4020 1499 4067 15

354 4117 503 4167 eoryeeum
522 4103 550 4150 H
567 4099 666 4165 (Licet,
685 4104 823 4153 corieeum
840 4104 879 4166 e):
899 4104 1050 4153 corticeum
1065 4104 1094 4153 G.
1112 4098 1124 4168 Η
1140 4105 1171 4151 17
1190 4093 1309 4168 λουτρόν
1326 4103 1398 4152 doe:
1416 4101 1499 4150 litron

356 4188 386 4245 (ι’,
399 4187 492 4251 lytron
502 4187 530 4235 H
543 4185 621 4250 (Llc).
644 4184 656 4253 Η
667 4189 699 4237 18
711 4187 924 4266 elaeothesium
939 4188 969 4253 θ,
989 4186 1169 4236 eleothesium
1182 4188 1217 4243 H,
1231 4194 1256 4236 et
1267 4203 1327 4237 mox
1341 4182 1398 4250 alal
1407 4186 1498 4236 cothe-

353 4287 427 4337 sium
447 4288 476 4346 G,
495 4286 691 4337 elaeothesium
711 4289 739 4336 H
762 4287 848 4351 (aleo
865 4290 902 4348 eh,
921 4287 991 4355 eloe·
1010 4293 1030 4345 l,
1050 4288 1141 4338 elaeo·
1160 4288 1204 4353 L).
1227 4285 1239 4353 Η
1270 4290 1301 4337 19
1323 4303 1420 4352 propm
1438 4303 1497 4337 eum

354 4380 415 4421 ante
433 4388 502 4425 corr.
524 4373 552 4431 0,
571 4373 751 4438 propnigeum
775 4374 803 4421 H
825 4372 909 4437 (Get,
932 4374 1113 4438 prognigeum
1135 4377 1159 4424 le
1182 4369 1257 4437 [afll.
1284 4369 1296 4438 Η
1321 4373 1444 4436 proxima
1464 4372 1498 4421 G:

355 4460 480 4521 proxima
496 4458 526 4506 H
543 4457 588 4520 (lc,
606 4472 712 4505 —mam
733 4455 776 4521 L).
802 4454 814 4523 Η
840 4461 874 4507 20
892 4461 1089 4507 concamerata
1109 4458 1166 4506 GH.
1191 4453 1202 4522 Η
1228 4459 1260 4505 22
1283 4456 1421 4505 laconium
1439 4463 1499 4505 onte

355 4557 426 4596 cerr.
447 4543 477 4593 G.
499 4537 511 4607 Η
531 4542 573 4590 uti
596 4542 666 4605 quod
686 4559 744 4607 epo:
772 4544 813 4591 uti
832 4556 913 4606 quam
938 4544 988 4590 GH
1012 4540 1102 4605 (quam
1126 4544 1176 4593 dcl.
1199 4540 1260 4600 ed).
1288 4536 1299 4606 Η
1327 4540 1498 4590 2310coniei

356 4634 416 4674 ante
434 4642 503 4677 corr.
524 4627 552 4675 G.
575 4622 587 4692 Η
611 4626 734 4676 caldam:
763 4630 801 4677 sic
820 4628 871 4677 GH
892 4625 970 4690 (He).
996 4622 1008 4690 Η
1029 4628 1062 4674 24
1080 4625 1215 4689 perstylia
1235 4627 1265 4678 H
1283 4623 1320 4689 (l).
1348 4622 1359 4691 Η
1387 4628 1419 4675 25
1438 4642 1497 4692 per·

356 4710 430 4759 fecte
449 4713 504 4760 ed:
531 4711 657 4775 perfecta
680 4713 731 4760 GH
754 4694 893 4777 (perlecta
912 4712 1081 4759 othomam
1097 4711 1136 4775 s).
