3984 5825
647 718 693 765 ou
717 716 983 767 sueurrscruus
1008 718 1076 765 am.
1096 717 1141 765 ur.
1401 699 1464 765 219

282 873 475 937 ‘rinventus
508 872 640 937 effectus
675 872 708 935 in
740 870 871 935 mundo.
926 870 1066 936 mundus
1100 881 1208 936 autern
1241 880 1291 935 est
1321 872 1465 937 omnium

318 984 458 1038 naturae
481 995 597 1038 rerum·
612 975 782 1062 conceptio
805 996 929 1038 surnma
951 973 1140 1060 caelumque
1156 971 1319 1038 sideribus
1335 984 1367 1038 ct
1389 971 1465 1037 stel-

318 1075 425 1140 lunrm
449 1076 597 1141 cursibus
613 1075 858 1140 conformatum.
902 1076 937 1139 id
960 1074 1105 1139 volvitur
1125 1075 1328 1139 continenter
1343 1076 1466 1139 circum

318 1189 443 1243 terram
466 1187 564 1265 atque
586 1200 675 1242 marc
703 1200 761 1265 per
783 1178 856 1242 axis
880 1177 1029 1241 cardines
1053 1186 1227 1242 extremos.
1271 1200 1410 1266 namque
1433 1178 1466 1242 in

318 1279 372 1344 his
395 1278 477 1346 locis
500 1278 657 1345 naturalis
681 1289 823 1368 potestas
847 1281 892 1343 ita
913 1279 1127 1344 architectata
1150 1290 1199 1344 est
1222 1278 1466 1368 conlocavitque
1485 1292 1500 1341 o

319 1381 475 1447 cardines
498 1391 662 1468 nimquam
685 1392 812 1463 centra,
841 1403 942 1445 unum
963 1403 983 1444 a
1006 1392 1093 1446 terra
1115 1392 1146 1446 ct
1174 1383 1256 1445 mari
1286 1383 1319 1446 in
1342 1405 1466 1449 summo

320 1483 445 1549 mundo
474 1505 512 1547 ec
541 1493 615 1570 post
642 1485 731 1571 ipsas
760 1480 870 1548 stellas
900 1483 1175 1570 septentrionum,
1211 1482 1349 1547 alterum
1376 1493 1466 1549 trans

323 1596 439 1649 contra
462 1584 523 1649 sub
551 1594 638 1650 terra
665 1586 700 1650 in
727 1584 915 1649 meridianis
942 1584 1106 1671 partibus,
1136 1584 1247 1671 ibique
1270 1586 1390 1650 circum
1413 1608 1467 1651 eos

322 1687 474 1751 cardines
503 1685 665 1752 orbiculos
689 1687 810 1751 circum
840 1697 950 1751 centra
971 1689 1021 1752 uti
1048 1688 1082 1751 in
1108 1697 1201 1752 torno
1230 1686 1384 1775 perfecit,
1413 1689 1467 1775 qui

321 1810 441 1874 graece
469 1791 568 1853 πολοι
595 1789 821 1871 nominantur,
856 1810 914 1876 per
947 1810 1027 1876 quos
1061 1787 1236 1877 pervolitat
1269 1791 1519 1876 sempiternale

324 1888 462 1955 caelum.
513 1890 560 1955 ita
586 1889 696 1955 media
723 1900 810 1955 terra
838 1912 911 1957 eum
938 1891 1021 1955 mari
1049 1890 1151 1954 centri
1179 1888 1249 1956 loeo
1277 1889 1469 1957 naturaliter

286 2003 374 2059 aest
401 1989 578 2058 conlocata.
634 1991 685 2056 his
713 2002 830 2057 natura
858 1991 1027 2080 dispositis
1062 1992 1109 2056 ita
1141 1991 1189 2057 uti
1223 1993 1468 2080 septentrionali

323 2103 417 2182 parte
439 2103 568 2159 eterra
591 2092 752 2159 excelsius
775 2093 893 2159 habeat
914 2093 1121 2159 altitudinem
1144 2104 1300 2176 centrum,
1325 2097 1359 2160 in
1373 2098 1467 2161 meri·

325 2195 422 2261 diana
449 2205 558 2259 autem
586 2206 679 2282 perte
706 2197 740 2262 in
775 2195 985 2262 inferioribus
1020 2194 1099 2261 loeis
1128 2195 1310 2261 subiectum
1336 2220 1355 2261 a
1383 2209 1469 2262 terra

325 2297 533 2379 obscuretur,
561 2307 640 2362 tunc
662 2298 761 2362 etiam
789 2319 847 2386 per
869 2297 1012 2364 medium
1039 2309 1226 2363 transversa
1253 2307 1285 2363 et
1314 2300 1521 2365 inclinatam

325 2399 358 2463 in
392 2398 563 2463 meridiem
596 2398 709 2464 circuli
744 2399 810 2464 lata
842 2422 924 2465 zona
956 2418 1008 2465 nu
1040 2400 1143 2484 signis
1176 2410 1226 2465 est
1258 2402 1470 2469 conformata.

326 2520 408 2588 quae
431 2520 542 2565 eorum
565 2501 692 2588 species
708 2500 811 2566 stellis
832 2501 1002 2588 dispositis
1018 2520 1068 2566 nu
1091 2501 1240 2589 partibus
1264 2506 1470 2593 peraequatis

326 2602 485 2689 exprimit
508 2602 672 2689 depictum
700 2603 742 2668 ab
764 2615 882 2669 natura
908 2603 1148 2686 figurationem.
1193 2604 1302 2690 itaque
1331 2603 1471 2670 lucentia

325 2725 400 2768 cum
439 2703 560 2769 mundo
597 2703 797 2793 reliquisque
831 2704 994 2770 sideribus
1035 2715 1149 2769 ornatu
1186 2707 1307 2769 circum
1349 2716 1470 2771 terram

325 2826 481 2893 mareque
503 2804 709 2894 pervolantia
725 2828 838 2871 cursus
861 2806 1033 2894 perficiunt
1054 2806 1097 2869 ad
1120 2805 1201 2870 caeli
1224 2807 1467 2872 rotunditatem.
1489 2819 1522 2868 2’0

288 2909 435 2976 somnia
457 2921 565 2974 autem
588 2909 723 2974 visitata
746 2921 778 2975 et
800 2909 968 2975 invisitata
989 2919 1171 2994 temporum
1188 2910 1382 2973 necessitate
1396 2927 1471 2974 sunt

324 3011 514 3076 constituta.
560 3011 741 3098 exquibus
770 3033 828 3076 sex
852 3012 946 3094 signa
974 3031 1107 3074 numero
1130 3032 1228 3098 supra
1256 3020 1374 3074 terram
1398 3033 1469 3074 cum

324 3111 415 3177 caelo
432 3123 667 3199 pervagantur,
692 3123 800 3177 cetera
815 3112 875 3176 sub
891 3123 1011 3176 terram
1026 3111 1199 3176 subeuntia
1212 3112 1254 3175 ab
1270 3112 1339 3176 cius
1357 3112 1472 3176 umbra

322 3214 552 3281 obscurantur.
596 3237 655 3280 sex
677 3224 786 3280 autem
809 3236 851 3278 ex
872 3214 923 3278 his
947 3235 1075 3301 semper
1097 3235 1195 3301 supra
1221 3224 1341 3278 terram
1362 3215 1470 3278 nitun-

322 3329 390 3384 tur.
437 3326 559 3403 quanta
591 3307 666 3405 pars
689 3317 775 3381 enirn
802 3315 974 3380 novissimi
1003 3316 1090 3400 signi
1119 3314 1328 3403 depressione
1360 3328 1471 3380 coacta
1490 3324 1522 3373 26

322 3419 514 3484 versatione
546 3417 679 3483 subiens
708 3418 769 3483 sub
803 3429 922 3483 terram
950 3416 1146 3498 occultatur,
1182 3417 1374 3483 tantundem
1402 3420 1472 3484 eius

322 3519 483 3584 contrarii
535 3520 728 3586 versationis
777 3520 971 3583 necessitate
1019 3540 1265 3606 supergressum
1312 3521 1473 3587 rotatione

325 3677 557 3686 *φή-.-

397 3763 412 3810 2
436 3765 466 3811 et
487 3760 630 3811 stellarum
654 3760 778 3811 cursibus
802 3761 864 3810 Eds
896 3777 942 3812 ora.
967 3761 994 3810 H
1018 3756 1097 3825 (Llc).
1123 3757 1134 3827 ll
1162 3764 1178 3811 8
1201 3763 1399 3811 conformatum
1425 3763 1471 3810 6⁶:

322 3849 408 3896 -tus
427 3842 488 3909 (su)
508 3846 564 3898 BH
581 3844 650 3909 (hle)
670 3852 695 3896 et
713 3852 773 3896 (rate
791 3861 859 3897 corr.
881 3847 909 3896 (ι’.
932 3841 943 3911 ΙΙ
966 3847 981 3895 6
1001 3849 1030 3896 et
1048 3847 1117 3894 mari
1141 3844 1181 3906 (et
1201 3861 1217 3895 a
1235 3848 1303 3896 muri
1325 3846 1406 3906 Joe.):
1433 3847 1473 3895 in·

324 3932 404 3980 mani
422 3931 509 3982 seli.
529 3927 541 3997 ΙΙ
562 3934 578 3982 s
596 3929 736 3981 orbiculos
755 3930 857 3980 circum
877 3934 973 3979 centra
991 3931 1044 3979 uti:
1063 3932 1101 3979 sic
1119 3929 1205 3979 EGH.
1223 3927 1235 3995 ll
1253 3932 1284 3979 10
1302 3930 1385 3979 πολοι
1403 3930 1472 3983 don:

324 4014 415 4082 pssde
433 4015 514 4066 ΕΘΗ
536 4014 599 4082 (pas
617 4012 849 4080 delnominantur
871 4014 936 4072 ΕΗ,
959 4013 1082 4079 pasdeno
1106 4014 1241 4064 minantur
1261 4013 1294 4071 θ,
1317 4014 1366 4062 sed
1387 4014 1472 4078 pasde

324 4099 506 4150 nominantur
525 4099 580 4164 6⁶).
598 4096 611 4166 11
626 4102 658 4150 13
671 4098 817 4149 altitudine
835 4097 863 4147 H
882 4096 945 4161 (601,
967 4114 1061 4149 —nsm
1075 4096 1136 4160 Le):
1157 4112 1224 4146 —ne
1243 4097 1268 4145 E
1285 4102 1310 4145 et
1328 4103 1387 4146 arete
1405 4112 1474 4151 corr.

327 4185 359 4237 θ.
383 4180 396 4252 ΙΙ
421 4185 453 4234 14
471 4192 551 4249 parte
570 4184 598 4233 in
617 4183 666 4234 EG
683 4180 743 4247 (lc),
766 4184 873 4247 partein
897 4182 955 4246 (stc)
975 4184 1004 4232 II
1021 4183 1138 4248 (partem
1159 4181 1201 4244 L).
1225 4178 1237 4248 ll
1266 4183 1296 4231 16
1320 4181 1378 4232 lata
1397 4181 1472 4233 Scin.

325 4268 425 4334 (Gal.):
438 4267 628 4319 delatsEGII.
642 4264 654 4334 ΙΙ
667 4270 698 4318 16
712 4264 747 4330 (et
763 4265 803 4329 17)
818 4266 883 4318 XlI:
895 4269 932 4316 sic
942 4267 1029 4319 EGII.
1046 4263 1057 4332 ΙΙ
1075 4268 1106 4316 18
1118 4266 1166 4315 ab:
1185 4266 1222 4314 sic
1234 4265 1320 4315 EGH.
1339 4260 1351 4330 ll
1369 4268 1399 4316 19
1412 4266 1474 4315 reli-

327 4354 445 4418 quisque
465 4352 604 4404 sideribus
617 4354 718 4404 ornetir
737 4349 838 4413 (—tum
849 4351 884 4415 Ε)
904 4352 982 4401 EGII
1001 4351 1110 4413 (ornatu
1124 4348 1192 4415 epo).
1213 4345 1225 4415 ΙΙ
1244 4348 1275 4398 21
1289 4350 1472 4400 necessitate:

325 4440 365 4489 sie
382 4437 471 4491 EGH.
495 4438 507 4506 ΙΙ
530 4439 562 4489 22
582 4436 733 4502 exquibus
753 4433 841 4500 (νεώς
861 4437 956 4501 exquis
975 4436 1060 4485 lculi.
1085 4431 1096 4498 ΙΙ
1120 4437 1152 4485 23
1171 4435 1205 4484 ab
1227 4434 1285 4483 eius
1298 4434 1359 4483 EG:
1379 4435 1413 4484 ab
1433 4435 1473 4485 eis

328 4524 358 4574 I!
371 4519 481 4589 (eosic)
507 4519 519 4589 Η
535 4523 568 4571 24
580 4522 776 4572 obscrurantur
790 4521 811 4571 G
824 4518 885 4583 (noa
900 4521 942 4585 E).
961 4516 972 4586 {l
987 4534 1048 4569 sex:
1069 4519 1126 4568 lieu
1139 4524 1279 4568 unescere.
1295 4518 1316 4568 G
1329 4517 1389 4581 (aon
1402 4517 1446 4580 Ε).
1459 4515 1471 4584 ll

326 4609 360 4658 27
380 4606 515 4658 contrarii
532 4606 617 4656 Mara
644 4606 800 4656 contrariae
819 4604 904 4655 EGH.
929 4601 940 4669 ll
968 4602 1134 4654 versationis
1156 4603 1226 4655 doe:
1254 4603 1474 4653 conversationis

327 4690 415 4745 EGH.
437 4686 450 4757 ΙΙ
473 4705 680 4756 supergressum
693 4705 753 4755 epo:
772 4689 851 4754 sup(b
863 4685 991 4752 G)prs(es
1002 4687 1091 4750 H)ssa
1103 4685 1188 4737 EGII.
1212 4682 1224 4752 ll
1247 4686 1384 4737 rotatione
1401 4687 1473 4738 doe:

328 4776 474 4827 notatione
494 4774 580 4828 ΕΘΗ.
