3984 5825
716 603 764 722 ml
787 673 1055 722 Ancmrucrusa
1077 675 1147 723 nin.
1170 676 1246 722 v111.
1494 660 1553 724 191

415 827 569 891 terfluens
600 849 658 914 per
679 827 859 890 meridiana
886 825 957 890 loca
978 835 1090 890 manat
1117 835 1149 890 et
1177 827 1314 892 influens
1342 828 1377 891 in
1405 827 1558 915 paludem

415 950 496 1014 quae
511 927 694 1015 appellatur
844 929 1068 1013 circumcingit
1084 927 1227 1009 Meroen,
1254 926 1341 1014 quod
1357 938 1407 993 est
1421 928 1556 993 Aethio-

415 1052 491 1116 pum
503 1031 755 1095 meridianorum
765 1051 914 1114 regnum,
927 1029 969 1092 ab
981 1028 1098 1114 hisque
1109 1028 1284 1115 paludibus
1293 1030 1557 1114 secircumagens

414 1152 472 1217 per
494 1132 628 1195 flumina
649 1131 848 1196 Astasobam
872 1140 904 1196 et
931 1129 1112 1195 Astoboam
1141 1139 1173 1194 et
1199 1130 1264 1194 alia
1291 1130 1386 1218 plura
1407 1133 1558 1218 pervenit

413 1254 471 1319 per
494 1244 620 1297 montes
642 1233 684 1296 ad
712 1242 907 1298 cataractam
929 1231 971 1295 ab
994 1254 1096 1318 eoque
1118 1254 1153 1296 se
1181 1232 1399 1319 praecipitans
1429 1255 1487 1320 per
1509 1247 1592 1297 se-5

414 1333 647 1420 ptentrionales
663 1335 917 1421 pervenitinter
931 1331 1152 1419 Elephantida
1167 1342 1199 1397 et
1215 1332 1345 1421 Syenen
1360 1334 1556 1399 Thebaicos-

381 1449 477 1521 7que
499 1436 534 1498 in
556 1437 746 1523 Aegyptum
769 1459 898 1525 campos
921 1443 953 1499 et
975 1434 1023 1498 ibi
1046 1433 1141 1499 Nilus
1162 1433 1355 1522 appellatur.
1400 1457 1443 1499 ex
1463 1435 1556 1500 Mau-

413 1537 538 1600 retania
558 1546 665 1602 autem
690 1547 788 1624 caput
809 1536 879 1602 Nili
901 1536 1062 1623 profluere
1077 1558 1171 1602 exeo
1193 1537 1335 1600 maxime
1350 1538 1558 1621 cognoscitur

414 1636 500 1722 quod
524 1659 566 1700 ex
587 1636 690 1702 altera
717 1648 810 1726 parte
837 1639 956 1713 montis
979 1637 1125 1705 Atlantis
1147 1647 1223 1702 sunt
1250 1638 1316 1701 alia
1343 1638 1451 1724 capita
1477 1639 1557 1701 item

414 1738 607 1824 profluentia
622 1741 663 1805 ad
687 1739 890 1805 occidentem
905 1761 1076 1820 oceanum,
1099 1740 1211 1825 ibique
1226 1749 1403 1805 nascuntur
1424 1739 1555 1804 ichneu-
1576 1750 1608 1798 10

413 1862 524 1905 mones
549 1840 703 1905 crocodili
729 1841 814 1906 aliae
835 1841 957 1906 similes
985 1841 1164 1906 bestiarum
1192 1843 1395 1928 pisciumque
1421 1851 1556 1906 naturae

412 1952 541 2029 praeter
562 1942 821 2030 hippopotamos.
1544 2015 1550 2023 ,
1586 2010 1587 2013 ,

378 2057 394 2106 8
497 2045 586 2130 Ergo
610 2066 684 2107 cum
706 2047 815 2109 omnia
836 2045 970 2108 flumina
991 2044 1272 2130 magnitudinibus
1294 2047 1329 2109 in
1344 2045 1432 2110 orbis
1455 2054 1555 2109 terra-

410 2167 483 2209 rum
505 2145 780 2231 descriptionibus
802 2167 822 2210 a
844 2146 1066 2232 septentrione
1087 2145 1263 2211 videantur
1284 2147 1445 2234 profluere
1466 2147 1555 2211 Afri-

412 2269 474 2333 que
502 2248 623 2334 campi,
658 2248 714 2333 qui
743 2255 819 2312 sunt
851 2249 887 2312 in
914 2248 1103 2311 meridianis
1131 2248 1280 2335 partibus
1309 2249 1450 2314 subiecti
1478 2247 1555 2314 solis
1577 2260 1607 2308 15

412 2349 540 2429 cursui,
569 2346 705 2412 latentes
733 2350 863 2434 penitus
891 2348 1033 2414 habeant
1059 2371 1187 2415 umores
1209 2371 1270 2415 nec
1295 2350 1401 2415 fontes
1424 2351 1555 2414 crebros

411 2468 586 2533 amnesque
613 2471 702 2522 raros
713 2498 722 2532 ,
755 2448 951 2536 relinquitur
976 2451 1026 2516 uti
1052 2451 1154 2516 multo
1182 2451 1315 2517 meliora
1346 2453 1556 2515 inveniantur

413 2549 521 2635 capita
542 2548 681 2612 fontium
697 2572 779 2635 quac
793 2549 835 2614 ad
859 2553 1111 2637 septentrionem
1125 2563 1182 2619 aut
1195 2552 1380 2639 aquilonem
1395 2563 1554 2639 spectant,

412 2651 478 2714 nisi
501 2650 529 2714 si
551 2649 727 2716 inciderint
748 2652 783 2713 in
805 2649 1033 2739 sulphurosum
1055 2652 1161 2719 locum
1182 2664 1239 2719 aut
1260 2654 1474 2721 aluminosum
1498 2677 1555 2721 seu

481 2962 575 3026 lper:
593 2960 645 3011 snb
663 2961 695 3011 Ε.
724 2957 736 3027 Η
763 2927 879 3014 influens
899 2977 960 3027 ego:
987 2960 1076 3011 influit
1098 2961 1184 3012 EGH.
1212 2958 1224 3028 Η
1251 2964 1267 3013 2
1289 2962 1448 3028 appellatur
1471 2962 1553 3015 Coloe

393 3049 398 3058 ⁴
412 3043 501 3109 (dou),
521 3044 726 3111 circumcingit:
746 3044 902 3111 appellatur
921 3044 1114 3111 circum(circ1'r
1126 3045 1247 3110 maingis
1260 3047 1313 3095 GH
1322 3045 1491 3113 (appellatur
1502 3050 1554 3097 cir-

413 3179 446 3213 cu
458 3200 464 3214 .
478 3164 566 3229 cingit
588 3166 624 3224 Ε,
650 3163 824 3231 appellatur.
836 3159 1025 3221 circumi-cir
1039 3167 1057 3220 1)
1072 3164 1159 3228 cingit
1176 3164 1224 3229 lc),
1250 3129 1554 3230 apponatur.‘²l÷circum

412 3250 500 3314 cingit
517 3250 542 3298 Ε
561 3249 687 3312 (lacunam
703 3251 855 3314 atpat’ficarit
872 3249 930 3315 Ec).
955 3244 968 3316 Η
990 3248 1165 3313 aethiopion‘r
1184 3248 1217 3305 Ε.
1242 3245 1255 3318 ΗΗ
1274 3252 1292 3300 4
1310 3252 1479 3301 astansoban
1497 3251 1553 3307 EG,

411 3332 626 3397 husitansobam
644 3334 676 3384 H
690 3334 917 3414 (hastansuobam
939 3334 976 3396 L,
1004 3332 1194 3383 hastansoban
1216 3336 1238 3395 t,
1265 3335 1442 3385 astansobam
1468 3336 1519 3399 ch).
1540 3332 1552 3400 Η

411 3434 573 3486 adstoboam
592 3436 671 3487 EGH
689 3434 738 3499 (L,
762 3436 905 3485 astoboam
931 3435 978 3499 (1¹⁶,
1006 3422 1173 3485 adscoboam
1191 3434 1233 3499 lc).
1260 3435 1294 3499 cs.
1313 3437 1380 3488 Pan.
1399 3440 1428 3493 5,
1447 3439 1483 3485 53
1502 3436 1556 3499 (nbi

412 3523 557 3585 astusapes
567 3527 591 3569 et
601 3521 754 3583 astobores,
764 3525 791 3568 ut
800 3522 872 3585 apud
880 3520 974 3570 Melam
986 3520 1141 3576 astabores)
1149 3526 1197 3574 etc.
1210 3516 1223 3587 Η
1235 3523 1250 3571 5
1260 3524 1430 3570 cataractam
1440 3520 1526 3571 ΕθΗ.
1538 3518 1550 3587 Η

412 3617 499 3669 eoque
519 3604 575 3654 ΕΗ
591 3600 676 3669 (Llclt
697 3617 785 3667 eaque
805 3605 827 3654 0
845 3603 904 3667 (sed
921 3605 956 3654 00
972 3622 1054 3670 capra
1067 3620 1126 3669 pos.
1144 3607 1288 3656 clinem
1299 3612 1390 3669 postea
1401 3605 1522 3670 wasme).
1538 3606 1549 3670 Η

411 3688 645 3754 septentrionales
674 3684 721 3752 (sc.
745 3690 869 3754 campos)
895 3701 956 3754 epo:
988 3687 1232 3755 septentrionalem
1260 3689 1346 3740 EGH.
1368 3686 1381 3755 Η
1408 3692 1424 3739 6
1447 3705 1552 3742 suenen

413 3773 497 3823 EGII.
514 3770 525 3839 Η
545 3774 561 3822 8
580 3776 673 3824 autem
692 3774 754 3833 EH,
783 3780 797 3817 t
817 3774 976 3839 (compendio
993 3775 1020 3823 ia
1036 3790 1089 3825 scr.
1106 3790 1175 3827 mua.
1188 3774 1332 3838 Aaplosca.
1350 3773 1455 3839 usitato)
1475 3776 1497 3826 G
1516 3776 1553 3839 (ut

409 3857 534 3922 saepius).
560 3851 573 3924 Η
601 3860 617 3906 9
639 3856 727 3908 altero
750 3864 811 3908 ante
834 3874 902 3908 corr.
923 3858 1023 3921 Glnon
1040 3859 1085 3922 Ε).
1114 3854 1126 3925 Η
1148 3858 1284 3909 antlantis
1304 3859 1363 3918 EG,
1387 3859 1501 3911 atlantis
1523 3860 1556 3908 H

411 3942 467 4003 (6⁶,
487 3941 621 3991 athlantis
643 3941 713 4005 lde).
739 3938 751 4006 Η
778 3945 843 3991 sunt
864 3944 927 3993 add.
948 3942 1006 3994 doc.
1030 3942 1156 4006 (atlantis
1175 3942 1232 3992 alia
1254 3941 1350 4006 codd).
1375 3939 1388 4010 ΗΗ
1406 3944 1439 4002 ,11
1458 3958 1552 3993 croco·

411 4024 461 4074 dili
479 4023 580 4086 (-doli
598 4031 658 4075 ante
675 4041 745 4077 corr.
759 4024 798 4089 H)
816 4027 845 4075 H
862 4021 906 4090 (t,
917 4026 1065 4077 corcodrili
1076 4030 1107 4085 lc,
1126 4025 1237 4077 -drilli
1248 4028 1286 4091 t),
1305 4027 1448 4075 crocodilli
1465 4028 1522 4077 Εθ.
1536 4026 1549 4093 Η

412 4112 443 4159 12
462 4110 673 4175 hippopotamos
690 4110 719 4160 H
736 4108 939 4176 (ippopotamos
957 4110 1005 4176 lc),
1027 4112 1201 4178 hippotamos
1219 4111 1244 4160 Ε
1263 4108 1323 4174 (L),
1346 4110 1552 4180 inpropotamos

412 4195 442 4247 (ἰ,
465 4190 478 4260 Η
502 4195 533 4244 13
551 4195 785 4259 magnitudinibus
803 4194 880 4246 ΕΕΗ
899 4193 957 4260 (Le,
974 4195 1173 4262 magnitudinis
1191 4195 1235 4254 Ε),
1258 4190 1271 4261 Η
1294 4195 1326 4244 14
1344 4196 1551 4261 aseptentrione

411 4277 472 4336 EG,
496 4280 701 4344 aseptentrione
723 4280 752 4330 H
770 4278 876 4344 (-nem
895 4296 923 4341 r,
945 4283 1012 4329 -ne
1033 4282 1062 4339 Ιι,
1085 4278 1307 4344 adseptentrione
1329 4276 1358 4342 1).
1390 4280 1424 4343 ιγ’.
1445 4297 1473 4345 p,
1494 4283 1551 4338 190,

412 4365 454 4412 12.
478 4358 490 4430 Η
512 4362 679 4414 videbantur
701 4371 763 4414 ante·
783 4379 852 4418 corr.
871 4365 907 4415 H.
936 4360 949 4431 Η
976 4366 1008 4414 16
1032 4364 1123 4415 cursui
1145 4361 1481 4432 remunerantem]
1501 4364 1551 4415 ha·

410 4447 584 4501 beautron:
602 4447 707 4499 habent
725 4448 810 4502 EGH.
835 4446 847 4515 Η
870 4452 901 4500 17
925 4463 1073 4513 amnesque
1092 4448 1117 4497 Ε
1134 4455 1161 4498 et
1185 4454 1244 4497 nate
1266 4463 1335 4502 corr.
1360 4450 1389 4502 θ.
1411 4443 1423 4515 Η
1453 4450 1484 4499 18
1501 4454 1551 4518 ant

411 4531 579 4595 aquilonem:
597 4533 635 4583 sic
653 4532 739 4587 EGH.
759 4529 772 4601 Η
795 4536 826 4584 19
845 4533 1058 4584 aluminatosum
1077 4532 1102 4580 Ε
1119 4539 1144 4582 et
1162 4528 1221 4583 ante
1238 4548 1306 4583 corr.
1331 4533 1381 4583 GH
1404 4531 1550 4596 (alumino-

411 4628 469 4663 sum
482 4616 580 4679 Heme,
599 4615 762 4669 luminosum
782 4618 817 4668 (ic
828 4620 872 4684 qni
888 4619 968 4669 erasit
987 4632 1004 4666 a
1021 4619 1169 4667 litter-amia
1182 4619 1235 4679 fine
1246 4632 1334 4667 enarra
1345 4620 1454 4683 peritam
1471 4618 1550 4687 allu-

411 4699 548 4768 mrnatosir
567 4733 623 4783 nec,
641 4720 711 4785 guod
725 4720 810 4780 vohi,
828 4720 900 4770 tuitio
917 4720 1047 4785 sequena
1057 4734 1147 4772 rursus
1162 4720 1284 4783 addidit).
