3984 5825
495 703 552 769 122
979 696 1135 756 vrrnuvn

491 874 557 960 plut
580 892 620 933 ex
644 869 771 932 tluutro
794 853 1012 948 choragiaque
1035 863 1251 925 laxamentum
1275 861 1416 924 habeant
1438 862 1480 924 ad
1504 884 1631 947 eompa-

489 971 636 1039 ruudum.
690 969 738 1031 uti
773 977 847 1031 sunt
880 967 1024 1051 porticus
1061 965 1276 1050 Pompeianae
1313 966 1454 1049 itemque
1491 963 1632 1027 Athenis

490 1073 632 1164 porticus
656 1069 835 1134 Eumeniae
856 1069 898 1131 ad
920 1067 1085 1132 theatrum
1106 1066 1278 1151 Patrisque
1299 1065 1412 1128 Liberi
1437 1065 1570 1147 fanum,
1601 1074 1632 1128 et

490 1173 686 1240 ‹rxrruntihus
710 1194 727 1234 e
745 1171 872 1236 theatro
887 1171 1021 1233 sinistra
1036 1178 1127 1255 parte
1142 1168 1269 1248 odeum,
1293 1166 1380 1252 quod
1396 1166 1632 1230 Themistocles

456 1275 649 1341 arrolumnis
687 1272 824 1362 lapideis
858 1272 1044 1358 dispositis,
1082 1271 1217 1333 navium
1244 1268 1338 1332 malis
1367 1278 1398 1332 et
1425 1271 1587 1332 antemnis
1615 1291 1633 1330 c

490 1377 603 1466 spoliis
621 1377 759 1439 l’ersicis
782 1376 935 1463 pertexit,
958 1373 1045 1436 idem
1067 1382 1176 1436 autem
1199 1373 1296 1435 etiam
1318 1372 1485 1434 incensum
1501 1370 1632 1434 Mithri·

489 1480 597 1546 datico
613 1477 697 1542 bello
712 1499 772 1540 rcx
783 1477 1024 1541 Ariobarzanes
1039 1475 1192 1556 restituit,
1210 1474 1368 1559 Smyrnae
1381 1472 1631 1553 Stratoniceum,

489 1566 655 1646 'l‘rullibus
683 1581 827 1667 porticus
851 1602 892 1643 ex
914 1588 1052 1664 utraque
1081 1586 1172 1663 parte
1200 1596 1335 1638 scaenae
1358 1597 1455 1660 supra
1477 1574 1631 1656 stadium,

489 1682 671 1768 ceterisque
687 1681 877 1746 civitatibus
894 1703 976 1768 quae
994 1679 1217 1763 diligentiores
1233 1677 1417 1741 habuerunt
1436 1675 1631 1740 architectos

441 1802 471 1851 lu
489 1786 576 1850 circa
597 1783 727 1849 theatra
755 1793 832 1848 srmt
860 1785 1005 1870 porticus
1029 1789 1061 1844 ct
1081 1778 1328 1844 ambulationes.
1373 1801 1455 1864 quae
1477 1779 1634 1841 videntur
1653 1792 1667 1836 a

490 1889 536 1952 ita
558 1895 709 1975 ‹rprorterc
732 1885 892 1950 conlocari
914 1885 962 1948 uti
986 1882 1131 1970 duplices
1148 1883 1215 1945 sint
1233 1880 1437 1966 habeantque
1453 1882 1632 1943 exteriores

489 1990 654 2055 columnas
684 1989 812 2052 doricas
845 2010 918 2050 cmn
947 1984 1109 2072 epistyliis
1142 1992 1175 2047 et
1207 1984 1403 2047 ornamentis
1437 2004 1479 2044 cx
1506 1983 1633 2045 ratione
1671 2018 1676 2026 =

489 2091 719 2159 rrrrululotionis
744 2090 913 2176 perfectas.
950 2087 1140 2150 latitudines
1161 2095 1269 2149 autem
1288 2107 1398 2148 carum
1418 2085 1465 2147 ita
1483 2093 1633 2170 oportere

491 2197 559 2260 lieri
585 2193 739 2257 videntur
759 2191 807 2253 uti
830 2197 951 2274 quanta
971 2187 1146 2250 altitudine
1169 2186 1336 2251 columnae
1357 2186 1476 2250 fuerint
1491 2187 1631 2248 exterio-

442 2312 472 2360 11
491 2321 553 2376 res,
576 2303 700 2358 tantum
723 2290 931 2353 latitudinem
952 2287 1094 2351 habeant
1115 2288 1157 2351 ab
1180 2289 1333 2363 inferiore
1354 2298 1446 2374 parte
1468 2286 1631 2351 columna-

490 2419 561 2462 rum
590 2404 808 2456 extremarum
836 2391 879 2452 ad
905 2390 1031 2452 medias
1061 2398 1092 2452 et
1114 2411 1134 2451 a
1155 2391 1315 2454 medianis
1342 2390 1384 2453 ad
1411 2392 1553 2476 parietes
1576 2390 1631 2474 qui

490 2491 748 2560 eircumclmlunt
775 2493 919 2576 porticus
947 2490 1196 2555 ambulationes.
1246 2492 1416 2556 medianae
1443 2501 1550 2556 autem
1579 2513 1631 2553 co-

491 2598 618 2662 lumnae
648 2594 761 2679 quinta
788 2602 880 2678 parte
906 2591 1038 2656 altiores
1067 2594 1132 2657 sint
1154 2617 1252 2680 quam
1274 2595 1465 2675 exteriores
1494 2593 1553 2656 sed
1575 2602 1632 2656 aut

491 2698 594 2764 ionico
614 2703 670 2758 aut
690 2693 851 2757 corinthio
872 2717 991 2777 genere
1012 2695 1246 2760 deformentur.
1288 2697 1507 2761 columnarum
1521 2703 1665 2758 autema

439 2816 472 2862 ao
489 2790 715 2886 proportiones
739 2804 770 2858 et
793 2797 1002 2882 symmetriae
1023 2820 1087 2861 non
1110 2809 1205 2862 erunt
1232 2800 1335 2862 isdem
1355 2798 1535 2862 rationibus
1559 2798 1630 2882 qui-

488 2900 549 2963 bus
572 2899 606 2961 in
626 2895 763 2960 aedibus
786 2899 886 2963 sacris
909 2900 1037 2985 scripsi.
1073 2899 1170 2964 aliam
1195 2902 1280 2966 enim
1303 2902 1337 2965 in
1352 2901 1485 2965 deorum
1499 2897 1631 2985 templis

489 2999 609 3065 debent
631 2997 751 3062 habere
773 3003 979 3082 gravitatem,
1003 3000 1101 3065 aliam
1122 3004 1157 3065 in
1179 3004 1358 3089 porticibus
1375 3011 1406 3066 et
1422 3003 1538 3066 ceteris
1554 3023 1629 3087 ope-

487 3100 578 3164 ribus
602 3099 829 3163 subtilitatem.
870 3104 979 3187 itaque
1003 3105 1030 3166 si
1052 3104 1154 3167 dorici
1182 3107 1311 3189 generis
1335 3111 1429 3177 erunt
1449 3101 1629 3183 columnae,

490 3201 702 3265 dimetiantur
730 3224 838 3265 carum
871 3202 1061 3266 altitudines
1092 3227 1164 3268 cum
1193 3206 1344 3293 capitulis
1372 3208 1407 3270 in
1434 3214 1541 3292 partes
1570 3222 1628 3267 xv.

437 3320 471 3370 ‘ru
489 3325 532 3366 cx
554 3304 600 3366 eis
623 3302 772 3387 partibus
799 3326 864 3365 una
892 3306 1107 3369 constituatur
1136 3317 1167 3370 et
1194 3309 1251 3372 fiat
1278 3306 1444 3391 modulus,
1472 3305 1515 3369 ad
1538 3308 1629 3369 cuius
1720 3349 1725 3361 ·

489 3402 612 3467 moduli
634 3404 794 3466 rationem
816 3407 920 3468 omnis
942 3407 1048 3490 operis
1073 3409 1135 3471 erit
1157 3408 1342 3495 explicatio.
1379 3418 1412 3472 ct
1433 3409 1468 3471 in
1489 3408 1556 3471 ime
1577 3430 1629 3471 co-

488 3504 617 3569 lumnae
639 3504 820 3569 crassitudo
847 3506 905 3569 fiat
933 3508 1071 3570 duorum
1098 3509 1319 3593 modulorum,
1346 3510 1629 3574 intercolumnium

452 3675 455 3680 ,
489 3606 632 3694 quinque
654 3615 686 3668 et
708 3606 831 3669 moduli
853 3607 991 3670 dimidia
1013 3619 1120 3695 parte,
1149 3610 1288 3675 altitude
1311 3611 1479 3676 columnae
1500 3621 1631 3697 praeter

489 3706 666 3795 capitulum
688 3725 766 3771 xurl
792 3708 1011 3801 modulorum,
1041 3712 1177 3799 capituli
1203 3712 1342 3777 altitudo
1366 3712 1489 3777 moduli
1520 3714 1628 3792 unius,

555 3901 571 3949 3
588 3898 740 3949 Eumenius
758 3899 825 3948 Fea:
844 3915 904 3949 eum
917 3903 1025 3950 meneci
1037 3909 1096 3951 unte
1108 3919 1177 3955 corr.
1197 3904 1227 3964 6,
1241 3902 1375 3952 eumeniei
1387 3903 1416 3951 H
1427 3904 1480 3964 (LI,
1494 3916 1555 3951 eum
1574 3898 1631 3964 rire·

487 4016 544 4049 mer
558 4001 600 4062 G0,
615 4001 747 4050 eumeniei
756 3999 807 4063 eh).
821 4000 856 4050 ad
868 4001 1006 4051 theatrum
1018 4004 1107 4065 (Puris.
1119 4008 1142 4064 1,
1153 4004 1197 4067 20)
1210 4003 1341 4061 subinnuit
1353 4003 1423 4055 Mur.
1441 4000 1453 4069 ll
1469 4002 1577 4053 amalis
1590 4003 1628 4052 L:

488 4085 560 4135 milis
575 4086 625 4135 GH
637 4084 690 4161 (Ic).
706 4082 751 4151 [16
770 4089 862 4135 autem
881 4088 977 4136 etiam:
996 4092 1034 4138 sic
1048 4086 1188 4152 66(111),
1205 4084 1217 4153 ll
1233 4088 1375 4137 incensum
1388 4105 1434 4138 om.
1450 4089 1471 4137 G
1490 4086 1536 4150 (ud
1546 4105 1627 4152 11109.

486 4173 570 4233 suppl.
590 4170 645 4234 GC).
669 4168 680 4234 ΙΙ
704 4170 939 4222 'lStratoniceum
958 4174 999 4222 ed.
1022 4173 1100 4221 Vera:
1128 4177 1226 4222 erratio
1244 4187 1352 4220 urceum
1372 4173 1401 4230 G,
1420 4175 1628 4222 srratromeeum

488 4255 515 4301 ll
538 4253 584 4316 (lc,
608 4259 735 4305 srratrom
757 4271 834 4305 ceum
857 4256 901 4318 L).
930 4252 942 4323 ΙΙ
969 4258 985 4305 8
1009 4257 1149 4307 Trallibus
1172 4258 1223 4305 ert:
1251 4256 1376 4306 tradibus
1396 4258 1430 4319 G,
1454 4257 1580 4306 trabibus
1601 4258 1629 4305 H

487 4337 567 4400 (111).
590 4335 602 4404 ΙΙ
625 4343 702 4403 parte
726 4355 845 4390 scaenae
867 4342 1001 4390 Perrault:
1033 4345 1112 4406 parte
1130 4344 1162 4389 ut
1183 4356 1286 4391 scaena
1306 4339 1399 4403 (scene
1419 4340 1451 4402 6)
1476 4341 1533 4390 GH.
1560 4338 1572 4405 ΙΙ
1597 4344 1628 4389 12

488 4422 627 4473 columnas
647 4424 673 4473 H
691 4420 788 4487 (solus).
812 4422 824 4489 [Ι
849 4427 879 4475 13
898 4424 1093 4474 modulationis
1111 4427 1165 4477 ed:
1190 4424 1392 4475 mudulationes
1413 4426 1442 4487 6,
1461 4425 1625 4474 modulatio·

487 4521 537 4555 nes
555 4508 585 4555 H
603 4504 720 4571 (G⁶Llc).
746 4505 757 4573 Ι]
783 4510 814 4558 14
833 4508 978 4558 altitudine
1002 4510 1054 4562 ert:
1079 4508 1196 4558 altitudo
1217 4509 1275 4558 GH.
1297 4505 1309 4573 Η
1333 4509 1437 4558 fuerint
1454 4507 1515 4558 Lle:
1540 4508 1626 4557 fuerit

489 4590 547 4641 GH.
569 4586 582 4655 ll
606 4593 636 4641 19
655 4595 746 4641 autem
766 4593 798 4641 G:
817 4609 864 4645 om.
884 4593 912 4641 H
930 4589 1009 4655 (Ide).
1033 4589 1045 4657 ΙΙ
1067 4595 1100 4642 24
1118 4593 1322 4659 dementiantur
1342 4594 1389 4652 60,
1408 4591 1537 4655 demetrio
1556 4608 1570 4641 e
1589 4592 1625 4641 ea':

487 4673 565 4734 ipsius
582 4690 650 4727 corr.
669 4675 829 4732 Hltriantur
849 4676 875 4723 H
892 4672 973 4738 (110),
996 4672 1010 4746 l]
1033 4677 1065 4724 26
1089 4678 1118 4728 in
1141 4678 1194 4724 imo
1216 4676 1287 4726 dou:
1311 4677 1339 4724 in
1362 4678 1449 4742 primo
1474 4677 1532 4725 GH.
1557 4672 1570 4741 l}
1592 4678 1625 4725 ‘29

487 4754 670 4818 meduolorum
689 4758 731 4806 (1¹0.
