3984 5825
659 685 707 732 ns
729 684 994 732 assumserunt
1020 685 1088 731 ms.
1112 691 1146 730 x.
1410 668 1474 734 283

319 839 449 928 populo
472 839 565 903 dedit
586 844 726 903 munus’.
764 839 811 902 ita
832 840 866 902 in
888 839 1129 925 repugnatoriis
1152 837 1249 904 rebus
1265 859 1331 901 non
1346 846 1474 902 tantum

321 942 499 1006 machinae
522 940 581 1006 sed
604 942 703 1005 etiam
725 941 866 1004 maxime
889 940 1025 1005 consilia
1048 948 1123 1004 sunt
1146 939 1372 1027 comparanda.

282 1057 301 1105 9
415 1043 490 1108 Non
515 1044 623 1106 minus
646 1041 729 1106 Chio
757 1063 830 1107 cum
858 1064 957 1129 supra
978 1064 1080 1106 naves
1103 1041 1329 1109 sambucarum
1350 1043 1471 1107 machi-

323 1167 389 1210 nas
412 1146 520 1209 hostes
543 1145 831 1231 comparavissent‚
854 1153 953 1207 noctu
975 1143 1053 1208 Chii
1074 1153 1194 1208 terram
1215 1144 1371 1209 harenam
1392 1144 1471 1232 lapi-

325 1248 389 1311 des
417 1255 649 1334 progesserunt
675 1247 710 1309 in
737 1267 825 1310 mare
847 1255 922 1309 ante
944 1269 1083 1309 murum.
1127 1248 1174 1310 ita
1195 1245 1244 1311 illi
1266 1255 1396 1332 postero
1419 1245 1507 1310 diet

326 1370 406 1413 cum
436 1348 592 1412 accedere
625 1346 823 1430 voluissent,
856 1369 958 1413 naves
992 1371 1090 1436 supra
1119 1349 1364 1434 aggerationem
1392 1371 1473 1435 quae

325 1451 437 1515 fuerat
458 1451 520 1514 sub
543 1471 629 1536 aqua
650 1447 805 1514 sederunt
825 1470 886 1512 nec
906 1450 950 1512 ad
964 1473 1093 1514 murum
1107 1450 1263 1515 accedere
1277 1471 1337 1514 nec
1354 1458 1472 1515 retror-

328 1575 386 1617 sus
409 1573 445 1617 se
466 1551 612 1639 recipere
639 1560 831 1639 potuerunt,
861 1551 919 1614 sed
942 1551 989 1615 ibi
1011 1551 1169 1616 malleolis
1193 1552 1340 1617 confixae
1363 1553 1472 1615 incen-

327 1655 385 1718 dio
417 1664 494 1720 sunt
521 1653 748 1738 conflagratae.
791 1653 968 1740 Apollonia
996 1675 1125 1740 quoquc
1157 1676 1230 1719 cum
1258 1653 1473 1719 circumsede-

327 1765 420 1820 retur
447 1764 480 1820 ct
507 1777 623 1842 specus
656 1755 766 1819 hostes
794 1754 949 1819 fodiendo
977 1757 1159 1839 cogitarent
1192 1757 1262 1820 sine
1290 1756 1474 1843 suspicione
1493 1769 1525 1818 10

326 1861 415 1922 intra
430 1857 559 1922 moenia
580 1865 762 1943 penetrare,
786 1856 821 1920 id
836 1867 945 1920 autem
960 1879 979 1919 a
994 1857 1254 1943 speculatoribus
1272 1868 1357 1922 esset
1372 1857 1472 1945 Apol·

327 1958 508 2025 loniatibus
537 1960 777 2042 renuntiatum,
812 1958 994 2046 perturbati
1021 1961 1136 2023 nuntio
1165 1969 1297 2046 propter
1324 1961 1474 2024 timorem

329 2060 476 2127 consiliis
503 2061 688 2146 indigentes
715 2063 834 2125 animis
861 2059 1074 2143 deficiebant,
1104 2062 1190 2147 quod
1218 2083 1323 2147 neque
1344 2071 1473 2149 tempus

329 2185 436 2251 neque
470 2173 595 2227 certum
628 2163 735 2228 locum
767 2165 853 2228 scire
882 2172 1033 2251 poterant
1066 2185 1129 2249 quo
1155 2181 1321 2227 'emersum
1355 2163 1474 2228 facturi

275 2280 309 2329 lo
331 2266 472 2329 fuissent
500 2264 620 2330 hostes.
664 2275 735 2330 tum
757 2287 835 2329 vero
863 2264 998 2352 Trypho
1020 2264 1264 2329 Alexandrinus
1289 2264 1336 2328 ibi
1364 2265 1472 2330 fuerat
1493 2276 1524 2325 15

281 2371 283 2377 '
328 2367 539 2431 architectus.
577 2368 605 2431 is
627 2370 714 2432 intra
735 2390 863 2430 murum
890 2366 1000 2454 plures
1023 2389 1139 2453 specus
1162 2367 1349 2452 designavit
1372 2376 1403 2431 et
1425 2365 1471 2431 fo·

329 2467 451 2533 diendo
479 2478 600 2532 terram
627 2469 898 2555 progrediebatur
921 2478 1015 2532 extra
1036 2491 1164 2534 murum
1186 2469 1358 2534 dumtaxat
1380 2478 1474 2534 extra

328 2573 471 2656 sagittae
493 2572 701 2635 emissionem
724 2574 812 2636 etin
834 2571 985 2637 omnibus
1001 2592 1081 2634 vasa
1101 2591 1202 2634 aenea
1217 2572 1399 2658 suspendit.
1433 2593 1475 2636 ex

328 2672 381 2736 his
409 2673 445 2736 in
471 2694 537 2736 una
569 2671 698 2738 fossura
725 2694 808 2760 quae
830 2682 942 2737 contra
964 2671 1107 2736 hostium
1130 2693 1244 2758 specus
1267 2672 1373 2737 fuerat
1394 2694 1474 2736 vasa

328 2774 508 2860 pendentia
528 2774 572 2837 ad
594 2773 707 2860 plagas
730 2774 1000 2838 ferramentorum
1022 2795 1137 2838 sonare
1153 2783 1340 2860 coeperunt.
1368 2775 1415 2840 ita
1431 2797 1474 2838 ex
1491 2785 1524 2833 20

330 2898 368 2941 eo
384 2874 587 2941 intellectum
609 2886 658 2943 est
674 2898 738 2964 qua
752 2877 885 2962 regione
902 2875 1084 2941 adversarii
1106 2896 1222 2963 specus
1238 2884 1371 2962 agentes
1387 2878 1473 2941 intra

329 2987 502 3066 penetrare
529 2978 730 3064 cogitabant.
775 2981 824 3043 sic
850 2978 1026 3043 lineatione
1049 2978 1181 3063 cognita
1202 2978 1398 3065 temperavit
1419 2999 1472 3041 ae-

329 3101 392 3144 nea
413 3101 517 3166 aquae
539 3079 698 3145 ferventis
720 3090 752 3145 et
767 3082 850 3168 picis
866 3081 908 3144 de
924 3102 1064 3167 superno
1080 3089 1193 3144 contra
1208 3081 1316 3167 capita
1330 3078 1473 3144 hostium

330 3191 363 3245 et
384 3182 537 3245 stercoris
554 3181 692 3246 humani
714 3191 746 3247 et
767 3182 908 3247 harenae
930 3193 1040 3247 coctae
1056 3181 1237 3246 candentis.
1276 3181 1353 3245 dein
1374 3189 1474 3246 noctu

329 3281 479 3368 pertudit
501 3281 616 3346 crebra
638 3283 798 3356 foramina
820 3293 851 3348 et
873 3306 931 3371 per
953 3306 991 3347 ea
1013 3292 1147 3370 repente
1169 3282 1395 3371 perfundendo
1418 3283 1474 3369 qui
1491 3292 1525 3342 25

279 3398 310 3446 11
329 3385 366 3447 in
394 3405 432 3448 eo
460 3405 558 3471 opere
589 3384 721 3449 fuerunt
752 3387 861 3450 hostes
894 3407 1004 3449 omnes
1034 3386 1176 3449 necavit.
1220 3386 1298 3449 item
1325 3384 1474 3450 Massilia
1575 3410 1576 3414 ¹

329 3506 405 3547 cum
427 3495 670 3572 oppugnaretur
693 3495 725 3550 et
746 3508 880 3551 numero
903 3509 1001 3574 supra
1016 3505 1090 3551 xxx
1105 3508 1222 3574 specus
1238 3496 1309 3551 tum
1327 3497 1472 3572 agerent,

397 3639 497 3691 4chii
514 3644 570 3695 ed:
593 3642 633 3691 hii
651 3643 680 3692 H
698 3641 791 3705 (6011),
809 3643 839 3693 hi
855 3642 904 3693 EG
923 3641 976 3709 (Ie).
1001 3640 1013 3709 Η
1040 3644 1273 3709 5progessernnt
1297 3644 1388 3695 ΜΗ
1412 3644 1473 3709 (aa),

330 3730 525 3791 —gressernnt
542 3734 603 3777 ante
614 3742 669 3779 ras.
679 3728 703 3776 E
717 3728 769 3791 (LI,
781 3731 829 3779 sed
838 3733 860 3779 p
872 3731 1069 3793 suprascripsit
1086 3730 1148 3779 iece
1161 3730 1189 3779 id
1200 3735 1238 3779 est
1250 3729 1447 3793 proiecerunt).
1460 3726 1471 3791 Η

330 3812 345 3861 7
366 3810 527 3863 saeratae:
546 3815 644 3862 -rant
662 3813 741 3863 EGH
758 3812 792 3875 (lc
809 3820 834 3863 et
852 3820 911 3863 ante
929 3829 996 3866 corr.
1016 3814 1062 3874 L).
1086 3810 1098 3879 Η
1121 3815 1137 3863 8
1155 3812 1291 3862 malleolis
1304 3814 1336 3861 H
1350 3811 1470 3874 (6⁶Llcl:

330 3892 477 3945 malleonis
494 3895 521 3945 E
538 3904 565 3946 et
581 3902 640 3946 ante
658 3912 727 3949 corr.
747 3897 776 3951 G.
801 3893 813 3963 Η
833 3900 848 3948 9
868 3897 1028 3962 appollonia
1046 3898 1074 3946 H
1092 3895 1163 3959 (Le),
1185 3892 1197 3962 Η
1223 3899 1254 3947 10
1272 3896 1430 3959 suscipione
1449 3896 1473 3943 L

331 3978 391 4042 (sed
405 3994 486 4044 snpra
504 3981 542 4029 L⁶
560 3980 733 4046 suspitione).
756 3977 768 4046 Η
794 3984 824 4031 12
843 3982 940 4032 nuntio
958 3983 987 4032 H
1000 3980 1082 4044 (Llc):
1103 3981 1192 4030 nuntii
1210 3979 1266 4031 EG.
1289 3976 1301 4044 Η
1325 3980 1356 4028 15
1370 3982 1426 4027 tum
1444 3979 1473 4027 H

330 4063 415 4127 (Lle):
445 4067 511 4114 tunc
534 4066 591 4116 EG.
615 4062 628 4132 Η
656 4067 687 4115 16
706 4065 874 4116 architectus
896 4067 970 4116 intra
994 4065 1072 4116 ΕΘΗ
1099 4061 1135 4126 (is
1157 4061 1266 4127 addidi).
1289 4059 1300 4128 Η
1329 4062 1472 4128 plnrespe·

332 4163 381 4198 cus
399 4154 459 4198 ante
477 4164 546 4201 corr.
564 4150 596 4199 H
611 4149 715 4215 (plnres
727 4165 811 4215 pecus
830 4158 889 4221 ante
906 4166 974 4202 corr.
988 4149 1032 4213 L).
1049 4146 1061 4215 Η
1078 4164 1189 4215 specus:
1210 4148 1312 4213 speties
1330 4157 1388 4197 aare
1402 4164 1470 4198 corr.

331 4228 438 4295 (-cus)
452 4234 481 4292 G,
495 4234 604 4298 species
617 4235 650 4288 Ε,
668 4230 680 4299 Η
697 4236 729 4284 18
740 4236 843 4302 sagitte
856 4235 1029 4286 emissionem
1042 4234 1091 4284 EG
1104 4232 1162 4298 (le
1181 4234 1285 4296 sagitta
1298 4232 1472 4282 emissionem

330 4317 360 4365 H
378 4314 405 4378 (l,
424 4316 710 4383 sagittaemslsionem
722 4335 743 4377 c,
763 4320 886 4384 sagittae
899 4320 1055 4369 missionem
1068 4318 1103 4383 b).
1120 4316 1132 4384 Η
1153 4320 1186 4368 20
1204 4312 1393 4380 ferramenlru
1408 4317 1436 4365 G.
1458 4312 1471 4379 Η

329 4402 362 4451 22
379 4400 529 4453 liniatione
546 4402 625 4454 noli
644 4401 723 4467 (an,
742 4406 860 4454 sedante
872 4421 939 4456 corr.
959 4420 972 4453 c
989 4401 1167 4465 linitatione).
1189 4399 1202 4470 Η
1224 4401 1387 4467 temperavit
1409 4400 1471 4451 EG:

330 4484 495 4550 temperer&
517 4488 546 4537 H
567 4487 613 4550 (lc,
635 4491 712 4536 —ret
730 4488 772 4550 L).
799 4485 811 4555 Η
840 4492 873 4540 23
898 4490 930 4538 de
949 4503 1067 4553 superno
1086 4488 1244 4537 Lachmann:
1273 4486 1396 4550 desupna
1417 4484 1472 4541 EG,

331 4567 489 4634 desnplnae
507 4572 538 4619 H
554 4569 630 4635 (ch,
649 4586 719 4635 -ne
736 4574 753 4634 ἱ,
773 4588 840 4622 —ne
853 4572 909 4635 Lc).
930 4569 941 4638 Η
964 4575 996 4624 25
1016 4573 1126 4622 crebra:
1148 4572 1242 4621 erebra
1261 4568 1317 4633 (sic)
1330 4571 1367 4620 H.
1383 4566 1395 4635 Η
1410 4569 1471 4633 pfu-

330 4653 420 4705 dendo
439 4656 465 4705 E
487 4662 512 4706 et
533 4662 594 4705 ante
615 4670 684 4705 corr.
708 4653 749 4720 (n)
774 4658 802 4706 G.
826 4654 837 4722 Η
865 4660 897 4706 27
915 4671 1013 4722 specus
1031 4661 1087 4706 tum
1105 4658 1177 4707 loo:
1202 4655 1373 4721 speculatum
1397 4654 1480 4717 (-t1·1.

329 4738 391 4804 EG)
410 4739 492 4790 ΕΘΗ
506 4736 574 4806 (hle,
593 4739 735 4813 speculati]
754 4740 808 4805 6⁶).
