3984 5825
678 697 725 743 ns
748 695 1016 773 nncrnracrrus
1039 700 1107 745 ma.
1132 701 1167 745 n.
1451 686 1491 750 47

349 850 543 913 continetur.
588 849 813 914 simulantem
842 851 953 913 umida
979 861 1123 937 potestas
1147 873 1164 913 e
1186 854 1320 915 materia
1342 874 1400 938 per
1422 874 1508 917 cae·

348 960 530 1014 mentorum
552 951 719 1014 raritatem
742 952 837 1015 fucrit
865 963 1001 1016 exsucta
1023 952 1161 1038 calxque
1182 952 1224 1016 ab
1247 952 1367 1015 harena
1389 954 1493 1017 disce·

348 1053 405 1114 dat
428 1061 461 1115 et
483 1049 697 1134 dissolvatur,
725 1054 804 1116 item
831 1064 999 1118 caementa
1026 1077 1091 1118 non
1113 1063 1248 1140 possunt
1271 1077 1344 1117 curn
1367 1055 1417 1118 his
1441 1077 1492 1118 co-

314 1153 498 1235 3haerere‚
537 1152 594 1217 sed
623 1154 656 1216 in
684 1164 880 1218 vetustatem
912 1157 1054 1242 parietes
1082 1154 1228 1218 efficiunt
1254 1157 1414 1220 ruinosos.
1458 1157 1493 1218 id

347 1264 456 1318 autem
484 1254 561 1318 licet
588 1254 849 1320 animadvertere
876 1258 974 1320 etiarn
1002 1257 1043 1319 de
1071 1255 1235 1321 nonnullis
1263 1259 1528 1338 monumentis,5
1609 1319 1613 1324 .

348 1377 432 1441 quae
454 1357 541 1419 circa
562 1355 676 1420 urbem
702 1355 790 1420 facta
818 1363 893 1421 sunt
916 1379 933 1420 e
956 1379 1115 1421 marmore
1144 1380 1201 1422 seu
1229 1357 1394 1443 lapidibus
1416 1381 1492 1445 qua-

348 1457 453 1520 dratis
492 1456 755 1544 intrinsecusque
794 1457 902 1523 medio
943 1457 1068 1522 calcata
1106 1462 1293 1541 structuris,
1329 1470 1493 1524 vetustate

350 1557 490 1640 evanida
511 1557 599 1623 facta
620 1560 757 1623 materia
779 1570 1081 1646 caementorumque
1102 1570 1237 1624 exsucta
1252 1562 1395 1642 raritate,
1419 1584 1491 1646 pro-

348 1667 447 1723 ruunt
469 1669 502 1722 et
525 1671 788 1747 coagmentorum
816 1661 858 1724 ab
885 1663 981 1725 ruina
1011 1661 1179 1726 dissolutis
1208 1662 1366 1726 iuncturis
1395 1662 1491 1726 dissi-

314 1767 479 1846 4pantnr.
524 1760 610 1847 quod
633 1763 661 1826 si
684 1763 740 1848 qui
767 1761 907 1826 noluerit
933 1764 967 1826 in
996 1761 1031 1824 id
1053 1764 1170 1826 vitium
1198 1763 1357 1846 incidere,
1386 1763 1491 1826 medio
1513 1781 1543 1828 10
1649 1750 1652 1755 ⁵

350 1882 431 1925 cavo
454 1872 584 1927 servato
606 1861 784 1927 secundum
800 1864 1007 1945 orthostatas,
1030 1865 1225 1929 intrinsecus
1241 1887 1282 1928 ex
1297 1864 1396 1928 rubro
1412 1886 1492 1928 saxo
1558 1917 1562 1924 .

349 1961 508 2047 quadrato
529 1973 586 2027 aut
608 1987 651 2028 ex
671 1974 758 2028 testa
785 1975 841 2029 aut
868 1986 911 2027 ex
938 1964 1086 2029 silicibus
1116 1966 1288 2030 ordinariis
1317 1975 1420 2030 struat
1442 1966 1490 2030 bi-

349 2063 482 2149 pedales
505 2066 661 2151 parietes,
685 2075 813 2131 etcum
836 2066 886 2130 his
909 2067 997 2129 ansis
1020 2066 1135 2132 ferreis
1159 2077 1191 2131 ct
1212 2065 1345 2152 plumbo
1367 2067 1491 2131 frontes

348 2167 482 2230 vinctae
504 2167 580 2231 sint.
624 2169 670 2231 ita
693 2168 779 2231 enim
806 2190 871 2233 non
897 2169 1076 2232 acervatim
1104 2169 1160 2232 sed
1190 2168 1304 2233 ordine
1333 2177 1491 2233 stmctum

349 2289 431 2354 opus
458 2269 578 2352 poterit
606 2289 677 2332 esse
705 2270 776 2332 sine
803 2270 885 2333 vitio
913 2271 1162 2355 sempiternum,
1197 2271 1284 2357 quod
1311 2269 1432 2334 cubilia
1460 2278 1491 2332 et
1511 2290 1542 2337 15

349 2377 542 2453 coagmenta
564 2390 673 2433 eorum
701 2371 786 2433 inter
809 2392 844 2458 se
866 2370 1014 2435 sedentia
1037 2381 1069 2436 et
1090 2373 1248 2436 iuncturis
1270 2369 1405 2456 alligata
1425 2393 1491 2433 non

348 2468 542 2555 protrudent
575 2492 656 2556 opus
687 2493 793 2557 neque
827 2471 1023 2537 orthostatas
1059 2476 1144 2538 inter
1174 2496 1208 2537 so
1236 2472 1389 2558 religatos
1424 2471 1489 2535 labi

346 2572 528 2658 patiuntur.

311 2680 328 2728 ⁵
432 2672 549 2763 Itaque
568 2695 633 2738 non
654 2683 704 2737 est
729 2676 965 2739 contemnenda
990 2675 1190 2742 Graecorum
1211 2687 1382 2742 structura.
1426 2698 1491 2740 non

348 2775 435 2838 enim
449 2783 586 2838 utuntur
608 2796 625 2838 e
647 2775 737 2841 molli
759 2786 925 2841 caemento
949 2787 1111 2841 structura
1127 2778 1239 2865 polita,
1263 2778 1320 2842 sed
1336 2801 1407 2841 cum
1424 2777 1489 2841 dis·
1508 2798 1541 2845 20

347 2877 507 2942 cesserint
521 2897 541 2939 a
556 2875 729 2963 quadrato,
752 2893 876 2966 ponunt
892 2878 933 2942 de
955 2875 1047 2943 silice
1068 2901 1125 2943 seu
1140 2879 1248 2965 lapide
1264 2879 1345 2943 duro
1361 2879 1489 2943 ordina-

346 2979 407 3060 ria,
429 2988 462 3042 et
482 2979 529 3042 ita
548 2979 598 3042 uti
618 2976 765 3044 latericia
781 2990 941 3045 struentes
956 2978 1095 3064 alligant
1111 3002 1221 3044 eorum
1236 2979 1370 3043 alternis
1392 2980 1489 3042 coriis

346 3089 553 3165 coagmenta,
582 3090 614 3143 et
636 3082 683 3144 sic
703 3082 846 3163 maxime
872 3081 915 3144 ad
936 3083 1161 3145 aeternitatem
1188 3082 1296 3144 lirmas
1319 3080 1490 3167 perficiunt

348 3183 498 3245 virtutes.
542 3180 622 3244 haec
649 3192 759 3246 autem
786 3184 913 3248 duobus
942 3183 1115 3269 generibus
1143 3191 1322 3247 struuntur.
1366 3203 1408 3245 ex
1437 3180 1488 3244 his

313 3294 448 3345 sunum
474 3280 672 3366 isodomum‚
709 3283 846 3349 alterum
874 3285 1161 3371 pseudisodommn
1183 3284 1375 3371 appellatur.
1425 3284 1488 3346 iso·
1507 3302 1540 3349 25

348 3383 480 3448 domum
507 3383 628 3449 dicitur
655 3408 727 3450 cnm
755 3388 862 3451 omnia
890 3388 977 3451 coria
1005 3409 1107 3472 aequa
1130 3385 1346 3451 crassitudine
1368 3383 1490 3448 fuerint

348 3495 486 3569 structa,
514 3485 800 3573 pseudisodomum
830 3511 903 3552 cum
932 3491 1062 3573 inpares
1090 3498 1122 3551 et
1148 3486 1336 3574 inaequales
1359 3488 1489 3552 ordines

418 3760 557 3810 lumida:
575 3761 727 3812 anducate
751 3779 819 3813 corr.
840 3764 869 3816 G.
893 3759 905 3828 ΙΙ
928 3766 1078 3813 ἳειωοῑα
1096 3765 1146 3813 ch
1176 3767 1272 3814 exenta
1297 3763 1349 3813 GH
1372 3762 1409 3827 (et
1430 3771 1489 3813 onte

348 3860 417 3897 corr.
436 3846 469 3902 L,
489 3848 572 3895 exuta
589 3846 633 3910 lc).
656 3843 667 3911 ΙΙ
691 3846 817 3897 discedat
834 3885 840 3897 .
856 3883 881 3897 ..
902 3848 1082 3899 dissolvatur:
1100 3850 1138 3897 sic
1157 3848 1216 3901 GH.
1237 3844 1249 3914 Η
1272 3848 1417 3899 3cohaere
1430 3855 1489 3897 ante

348 3944 417 3980 corr.
430 3930 467 3978 H.
490 3926 503 3995 ΙΙ
524 3934 542 3979 4
559 3931 683 3981 ruinosos
702 3931 730 3981 H
743 3929 809 3993 (hle,
822 3933 857 3994 cf.
872 3949 900 3996 p.
914 3935 956 3991 48,
975 3932 1034 3995 ah:
1053 3934 1166 3984 rimosus
1186 3934 1215 3984 6.
1238 3930 1250 3997 ΙΙ
1274 3936 1288 3983 7
1308 3933 1412 3982 calcati
1430 3938 1488 3980 aute

347 4029 416 4065 corr.
437 4014 466 4063 G.
489 4010 502 4079 ΙΙ
519 4016 540 4063 ,8
559 4019 675 4065 exsucta
692 4016 763 4067 ιΙοο.;
792 4020 935 4066 exstructa
960 4017 1010 4066 GH
1033 4013 1076 4088 (L,
1096 4023 1223 4068 extructa
1245 4020 1287 4081 tc).
1317 4014 1328 4083 ll
1357 4018 1387 4066 11
1411 4016 1487 4066 ortho

346 4137 436 4184 statas
456 4133 478 4183 G
496 4133 569 4196 (L⁶):
587 4133 761 4184 orchostatas
780 4136 808 4184 H
829 4134 863 4198 (lc
881 4142 906 4185 et
929 4142 988 4185 ante
1006 4151 1074 4186 corr.
1096 4134 1138 4197 L).
1161 4133 1174 4201 ΙΙ
1197 4137 1277 4186 robro
1296 4137 1331 4185 H.
1352 4102 1386 4197 (di
1406 4135 1487 4183 rubro

347 4218 392 4279 L),
413 4215 426 4283 ΙΙ
449 4220 481 4267 12
499 4222 611 4269 extexta
629 4227 688 4269 ante
706 4235 774 4269 corr.
795 4221 824 4271 G.
847 4218 860 4287 ΙΙ
885 4223 916 4270 14
933 4222 1043 4270 vinctae
1058 4221 1108 4270 GH
1127 4219 1167 4284 (lc,
1188 4219 1355 4276 iunctaeLl.
1376 4217 1388 4285 ll
1412 4236 1488 4269 accr-

347 4303 434 4351 vatim
446 4304 486 4355 ed.
498 4299 588 4364 (reah
599 4304 723 4354 acervati
734 4304 792 4354 GH.
805 4302 817 4369 Η
830 4308 860 4354 17
872 4308 931 4355 orto
941 4312 1032 4355 statas
1044 4306 1073 4367 G,
1087 4309 1238 4354 ortostatas
1247 4305 1277 4352 II
1286 4304 1326 4366 (lc,
1337 4304 1488 4382 orthobsta-

346 4408 391 4452 tas
415 4400 457 4469 L).
485 4400 497 4468 ΙΙ
523 4404 751 4468 protrudent
774 4408 928 4469 patiuntur:
955 4409 993 4455 sic
1019 4408 1077 4455 GH.
1105 4403 1117 4471 ΙΙ
1151 4409 1181 4455 19
1203 4420 1257 4453 non
1281 4406 1352 4454 enim
1379 4407 1412 4455 G:
1440 4423 1487 4456 om.

348 4488 377 4535 H
394 4486 476 4548 (Llc).
496 4483 509 4553 ΙΙ
531 4490 723 4539 restructum
742 4491 775 4540 G:
796 4506 842 4542 om.
862 4490 889 4537 H
908 4489 986 4551 (Llc).
1011 4486 1023 4555 ΙῙ
1045 4490 1224 4539 discesserint
1243 4489 1264 4537 G
1284 4488 1372 4554 (hhclz
1391 4496 1488 4539 —runt

293 4585 302 4600 ’
349 4571 375 4620 Η
394 4568 464 4637 (aa).
488 4568 500 4636 ΙΙ
522 4573 556 4621 22
575 4574 690 4623 alterius
708 4582 768 4625 ante
785 4591 853 4624 corr.
875 4575 904 4626 G.
928 4569 940 4638 ΙΙ
963 4576 995 4622 25
1015 4570 1074 4635 (bis)
1098 4572 1265 4622 hisodomum
1291 4575 1348 4623 GH.
1371 4570 1383 4639 ΙΙ
1406 4590 1486 4639 pseu·

348 4654 680 4727 disodo{{{lpcllatnr
707 4659 883 4723 (pseudisodo
905 4661 931 4707 in
954 4674 1008 4711 ras,
1033 4658 1067 4707 G⁶
1093 4665 1201 4724 postque
1227 4661 1255 4708 id
1276 4660 1376 4709 verbma
1403 4663 1485 4714 erasis

347 4742 440 4794 litteris
456 4743 474 4793 1'1
495 4743 559 4810 apt)
579 4744 609 4795 G.
632 4739 645 4809 ΙΙ
667 4745 700 4795 at
719 4744 956 4812 pseudisodomum
974 4743 1035 4808 (sed
1051 4742 1148 4813 pecudi
1164 4744 1190 4794 ia
1207 4758 1261 4795 ras.
1282 4743 1326 4813 00)
1346 4745 1375 4799 θ.
