3984 5825
616 619 663 664 ns
687 618 956 666 sscurrucruas
979 619 1048 668 rua.
1072 621 1119 667 ιν.
1397 605 1436 671 91

289 797 349 860 gas
372 794 446 837 esse
475 794 572 858 quam
598 770 692 836 altas.
737 781 913 858 contraque
934 774 969 836 in
989 771 1162 857 angulares
1192 774 1356 840 columnas
1379 777 1436 841 tri-

290 875 410 962 glyphi
424 876 459 938 in
474 874 629 937 extremis
644 873 792 960 partibus
809 874 1050 939 constituuntur
1065 884 1098 940 et
1111 897 1175 941 non
1192 885 1303 940 contra
1313 877 1437 943 medios

290 985 462 1041 tetrantes.
505 978 553 1040 ita
585 984 751 1061 metopae,
785 997 868 1060 quae
901 977 1071 1061 proximae
1103 973 1147 1039 ad
1180 976 1351 1061 angulares
1379 981 1436 1044 tri-

290 1077 438 1164 glyphos
452 1076 545 1158 fiunt,
567 1063 634 1141 non
648 1086 769 1141 exeunt
784 1077 963 1163 quadratae
983 1079 1042 1142 sed
1057 1076 1262 1162 oblongiores
1279 1078 1438 1167 triglyphi

291 1179 432 1243 dimidia
459 1178 644 1243 latitudine.
687 1187 722 1242 at
745 1179 801 1264 qui
822 1188 968 1265 metopas
996 1179 1149 1266 aequales
1177 1179 1292 1246 volunt
1319 1181 1473 1264 facerat

290 1280 545 1346 intercolumnia
577 1290 725 1345 extrema
750 1279 944 1345 contrahunt
974 1281 1135 1368 triglyphi
1163 1281 1301 1348 dimidia
1327 1283 1438 1348 latitu-

292 1383 382 1448 dine.
432 1382 494 1448 hoc
526 1390 636 1447 autem
669 1383 741 1446 sive
774 1383 808 1446 in
841 1392 1044 1469 metoparum
1074 1381 1334 1468 longitudinibus
1369 1387 1440 1450 sive

291 1483 617 1550 intercolumniorum
643 1483 921 1549 contractionibus
949 1483 1126 1566 efficietur,
1160 1494 1211 1550 est
1237 1486 1438 1552 mendosum.

292 1595 492 1675 quapropter
512 1585 637 1672 antiqui
660 1586 766 1650 vitare
787 1587 852 1651 visi
874 1594 950 1651 sunt
971 1587 1006 1650 in
1028 1585 1166 1651 aedibus
1187 1589 1289 1653 sacris
1310 1587 1440 1653 doricae

293 1689 504 1777 symmetriae
525 1688 694 1752 rationem.
1459 1706 1491 1754 10

257 1807 275 1854 3
378 1791 448 1856 Nos
468 1800 578 1855 autern
600 1791 804 1876 exponimus,
825 1789 875 1854 uti
897 1787 977 1854 ordo
992 1788 1146 1875 postulat,
1169 1789 1441 1876 quemadmodum

292 1916 314 1957 a
337 1891 603 1979 praeceptoribus
625 1893 826 1979 accepimus,
855 1891 908 1956 uti
933 1893 962 1955 si
985 1892 1041 1976 qui
1070 1889 1212 1956 voluerit
1233 1892 1283 1955 his
1306 1893 1439 1958 rationi-

293 1994 358 2060 bus
385 1992 556 2058 attendens
584 1994 632 2057 ita
660 1993 808 2078 ingredi,
841 1992 960 2058 habeat
986 1994 1212 2080 proportiones
1248 1993 1440 2081 explicatas,

293 2095 415 2184 quibus
438 2094 626 2160 emendatas
648 2104 681 2159 et
702 2096 774 2160 sine
796 2095 887 2161 vitiis
910 2093 1041 2158 efficere
1062 2096 1167 2181 possit
1188 2096 1319 2161 aedium
1335 2119 1440 2161 sacra-

292 2220 369 2262 rum
390 2195 507 2262 'dorico
534 2219 624 2262 more
649 2197 878 2284 perfectiones
927 2195 1019 2261 frona
1047 2196 1138 2260 aedis
1162 2195 1292 2285 doricae
1313 2199 1348 2263 in
1370 2199 1441 2263 loco
1461 2215 1493 2264 15

293 2322 360 2387 quo
382 2298 813 2366 columnaeeonstituuntur
834 2297 1018 2379 dividatur,
1042 2299 1071 2362 si
1093 2298 1283 2385 tetrastylos
1306 2302 1385 2384 erit,
1408 2302 1442 2365 in

293 2409 405 2490 partes
445 2417 562 2484 xxvn,
599 2401 628 2466 si
660 2399 866 2488 hexastylos,
907 2418 1045 2464 xxxxn.
1101 2422 1143 2463 ex
1179 2400 1231 2466 his
1270 2422 1344 2488 pars
1378 2425 1443 2466 una
1512 2402 1518 2409 ’

294 2505 360 2568 erit
380 2500 544 2585 modulus,
566 2504 623 2589 qui
642 2524 759 2588 graece
780 2504 923 2586 εμβατης
944 2501 1076 2585 dicitur,
1106 2503 1198 2567 cuius
1220 2503 1346 2568 moduli
1367 2527 1441 2569 con-

294 2604 467 2671 stitutione
488 2603 791 2671 ratiocinationibus
819 2603 1004 2669 efficiuntur
1027 2605 1132 2670 omnis
1155 2605 1263 2691 operis
1286 2605 1441 2672 distribu-

259 2693 414 2774 ationes.
459 2704 643 2773 crassitudo
664 2706 885 2772 columnarum
900 2707 962 2770 erit
977 2706 1116 2796 duorum
1130 2704 1345 2789 modulorum,
1368 2707 1440 2773 alti·
1460 2727 1494 2774 ro
1564 2727 1566 2731 ·

294 2807 378 2874 tudo
409 2829 483 2873 eum
510 2806 653 2896 capitulo
680 2825 771 2873 x1111.
820 2807 956 2895 capituli
984 2806 1165 2872 crassitudo
1187 2809 1284 2872 unius
1307 2808 1442 2892 moduli,

294 2909 436 2975 latitudo
459 2907 596 2976 duorum
619 2919 652 2974 et
672 2907 797 2975 moduli
818 2920 932 2975 sextae
953 2910 1067 2996 partis.
1105 2908 1286 2974 crassitudo
1308 2911 1443 2998 capituli

296 3012 468 3100 dividqtur
489 3012 523 3075 in
544 3020 653 3098 partes
676 3021 753 3096 tres,
777 3012 928 3099 equibus
952 3032 1016 3074 una
1037 3010 1183 3098 plinthus
1207 3032 1280 3074 cum
1301 3014 1443 3099 cymatio

295 3113 371 3196 fiat,
393 3111 498 3177 altera
519 3113 653 3177 echinus
676 3135 750 3177 cum
771 3114 895 3195 anulis,
924 3115 1020 3178 tertia
1042 3111 1321 3200 hypotrachelion.
1367 3136 1441 3177 eon-

296 3214 445 3279 trahatur
468 3212 617 3281 columna
631 3216 677 3280 ita
691 3217 741 3280 uti
755 3217 791 3279 in
805 3216 902 3282 tertio
917 3214 1002 3280 libro
1018 3214 1059 3278 de
1079 3216 1194 3280 ionicis
1211 3223 1259 3279 est
1274 3217 1441 3304 scripturn.
1461 3235 1495 3283 25
1596 3201 1601 3208 ¹

298 3315 447 3404 epistylii
467 3313 607 3381 altitudo
633 3318 728 3382 unius
756 3315 880 3382 moduli
908 3340 981 3381 cum
1002 3317 1112 3381 taenia
1134 3325 1166 3380 et
1187 3318 1306 3402 guttis,
1335 3319 1444 3383 taenia

297 3416 424 3483 moduli
449 3418 604 3505 septima,
631 3425 797 3504 guttarum
823 3418 993 3505 longitudo
1023 3418 1084 3483 suh
1111 3420 1220 3483 taenia
1247 3428 1359 3484 eontra
1385 3422 1443 3486 tri-

296 3518 439 3608 glyphos
467 3518 535 3584 alta
561 3541 635 3585 curn
666 3519 780 3606 regula
811 3530 904 3608 parte
937 3531 1032 3584 sexta
1062 3520 1186 3585 moduli
1213 3522 1444 3611 praependeat.

297 3620 377 3687 item
399 3619 547 3709 epistylii
566 3620 706 3689 latitudo
727 3622 794 3686 ima
814 3621 1012 3708 respondeat
1032 3621 1278 3709 hypotrachelio
1299 3648 1445 3691 summac

299 3721 478 3790 columnae.
522 3744 621 3811 supra
648 3722 837 3811 epistylium
865 3722 1057 3790 conlocandi
1085 3732 1162 3790 sunt
1188 3724 1350 3813 triglyphi
1371 3748 1496 3797 cumae

367 3983 384 4034 5
401 3979 549 4034 latitudine
567 3982 646 4035 Plat:
665 3979 814 4033 altitudine
834 3982 892 4036 GH.
916 3978 929 4049 l]
950 3979 1134 4033 &latitudine
1146 3984 1188 4032 Hc
1201 3978 1260 4045 (sier
1281 3954 1443 4046 altitudine,

299 4083 349 4119 aon
366 4068 455 4119 deleta
469 4066 502 4118 ab
518 4067 592 4118 initio
612 4083 629 4116 a
649 4068 749 4126 littera,
771 4068 829 4117 ideo
847 4067 996 4119 altitudine
1019 4068 1093 4118 etiam
1111 4065 1183 4131 Llc):
1207 4066 1355 4117 altitudine
1380 4069 1401 4118 G
1419 4075 1444 4118 et

299 4159 359 4204 ante
375 4166 447 4205 corr.
468 4151 505 4201 Η.
533 4147 546 4219 ΙΙ
572 4152 589 4201 8
612 4149 749 4202 efficiatur
771 4152 803 4201 H
822 4148 905 4216 (Llclz
929 4152 1069 4203 efficiatur
1093 4151 1123 4205 (ι’.
1151 4148 1163 4217 ll
1193 4152 1223 4201 12
1246 4150 1292 4215 qui
1313 4152 1345 4200 H
1359 4151 1442 4218 (Lte):

299 4243 380 4321 qur}
396 4248 611 4320 suumn
622 4253 702 4306 rm:
721 4250 1296 4321 xxvnrsn.nxxxx11rsrz.:xxxu
1317 4254 1374 4305 sn.
1387 4251 1399 4320 n
1412 4256 1443 4305 rs

301 4337 426 4390 embatea
445 4337 505 4390 GH.
528 4333 541 4404 ΙΙ
562 4338 595 4388 al
612 4337 709 4390 XIIII:
725 4339 763 4388 sie
782 4340 841 4391 GH.
860 4336 873 4406 ll
895 4342 928 4390 23
946 4343 1004 4389 tres
1022 4339 1058 4396 H,
1076 4337 1120 4388 III
1140 4339 1168 4387 θ.
1188 4333 1200 4402 ΙΙ
1221 4339 1340 4402 cymatio
1357 4340 1389 4388 Il
1400 4338 1443 4402 (L,

301 4423 423 4474 conlatio
441 4425 465 4474 Ic
485 4418 588 4488 Μή),
606 4422 718 4472 cimatio
743 4423 774 4477 G.
802 4417 814 4489 ll
840 4426 873 4473 24
896 4422 1125 4489 hypotrachelion
1147 4422 1228 4475 Part:
1251 4423 1444 4487 ypotrachelio

303 4507 362 4560 GH.
383 4503 396 4575 ΙΙ
418 4507 452 4558 2⁵
471 4506 598 4560 columna
615 4508 656 4558 H:
676 4506 774 4575 colduq
795 4507 1028 4574 Gwpotrachelio
1041 4505 1222 4556 contrahatur
1231 4506 1328 4573 colina
1339 4549 1344 4561 .
1354 4507 1395 4558 ita

304 4592 334 4644 θ.
356 4593 446 4662 eum
462 4597 522 4643 ante
539 4591 581 4642 ita
597 4594 767 4657 interpumio
785 4594 812 4643 in
829 4592 884 4655 LI).
904 4589 916 4658 ll
941 4593 975 4642 26
992 4590 1088 4641 taenia
1104 4591 1145 4640 H:
1165 4590 1261 4641 thenia
1281 4592 1310 4645 G.
1328 4609 1387 4644 moe
1406 4593 1444 4657 (at

303 4683 329 4728 et
345 4675 390 4743 27)
409 4674 526 4728 thaonis
544 4676 586 4737 H,
605 4677 702 4729 thenis
720 4678 751 4733 G.
774 4674 787 4745 ll
809 4679 842 4729 28
860 4675 976 4728 moduli:
995 4675 1148 4729 mediante
1165 4692 1234 4727 corr.
1252 4676 1290 4731 H.
