3984 5825
637 649 684 694 nn
706 646 974 696 unanimorum
997 648 1066 695 nra.
1082 648 1157 695 vm.
1404 631 1467 697 203

324 803 372 865 uti
401 801 504 866 Tarso
532 802 722 886 Magnesiae
751 800 824 866 aliis
854 800 1014 865 eiusmodi
1047 801 1248 886 regionibus.
1306 802 1468 888 etiamque

325 903 426 966 Zama
454 913 505 967 est
532 904 649 966 civitas
677 903 833 968 Afrorum
861 903 953 968 cuius
981 903 1109 967 moenia
1141 924 1202 966 rex
1235 902 1318 967 Iuba
1345 902 1468 990 duplici

324 1028 416 1069 muro
449 1005 551 1091 sepsit
584 1004 696 1091 ibique
729 1007 853 1090 regiam
880 1002 1012 1069 domurn
1040 1003 1105 1067 sibi
1132 1005 1312 1068 constituit.
1361 1005 1403 1069 ab
1431 1027 1469 1068 ea

324 1105 415 1169 milia
447 1129 601 1192 passuum
628 1107 748 1190 viginti
777 1115 826 1171 est
854 1105 1010 1193 oppidum
1038 1105 1164 1188 Ismuc,
1195 1107 1286 1170 cuius
1315 1128 1468 1190 agrorum

323 1209 473 1292 regiones
488 1206 675 1271 incredibili
699 1207 811 1272 finitae
825 1217 901 1271 sunt
916 1208 1155 1272 terminatione.
1193 1230 1266 1272 cum
1282 1219 1368 1273 esset
1383 1209 1469 1272 enim
1488 1224 1503 1271 5

325 1309 440 1374 Africa
463 1331 578 1395 parens
603 1319 633 1373 et
661 1310 775 1373 nutrix
803 1309 945 1374 ferarum
973 1309 1151 1374 bestiarum
1173 1311 1315 1374 maxime
1337 1333 1468 1397 serpen-

325 1413 423 1493 tium,
446 1413 481 1475 in
504 1412 572 1475 eius
595 1413 682 1496 agris
706 1410 819 1499 oppidi
841 1409 931 1475 nulla
945 1412 1092 1475 nascitur
1114 1421 1146 1475 et
1168 1413 1197 1475 si
1219 1410 1350 1498 quando
1370 1411 1470 1476 allata

325 1513 372 1576 ibi
395 1522 534 1599 ponatur
556 1513 667 1577 statim
688 1514 835 1596 moritur,
858 1535 964 1599 neque
985 1513 1022 1576 id
1044 1511 1160 1596 solum,
1184 1513 1242 1577 sed
1264 1514 1362 1578 etiam
1384 1524 1470 1577 terra

326 1637 367 1677 cx
390 1614 441 1678 his
464 1612 546 1680 locis
569 1615 597 1678 si
620 1613 684 1681 alio
704 1613 863 1680 translata
884 1615 999 1695 luerit,
1024 1623 1056 1678 et
1078 1613 1137 1678 ibi.
1181 1614 1216 1679 id
1238 1637 1340 1699 genus
1363 1624 1470 1679 terrae

327 1717 425 1780 ctiam
447 1715 641 1780 Balearibus
658 1714 779 1782 dicitur
794 1738 875 1780 esse.
921 1714 978 1780 sed
1001 1714 1100 1779 aliam
1115 1714 1349 1781 mirabiliorem
1365 1717 1467 1779 virtu·
1490 1732 1521 1780 10

274 1832 307 1881 ‘25
325 1828 390 1882 tem
414 1840 451 1881 ea
473 1816 572 1882 habet
594 1827 696 1900 terra,
720 1840 817 1904 quam
833 1840 894 1903 ego
917 1819 965 1883 sic
987 1818 1109 1903 accepi.
1148 1817 1250 1882 Gaius
1273 1815 1377 1882 Iulius
1400 1817 1469 1880 Ma-

325 1921 463 1984 sinissae
486 1919 571 1985 lilius
579 1968 588 2002 ,
610 1921 701 1985 ouius
718 1930 810 1984 erant
824 1921 923 1985 totius
939 1920 1054 2006 oppidi
1067 1942 1221 2004 agrorum
1236 1921 1469 2007 possessiones,

326 2044 398 2085 cum
420 2032 514 2107 patre
537 2021 670 2086 Caesari
697 2021 864 2086 militavit.
909 2023 937 2084 is
959 2021 1103 2107 hospitio
1126 2043 1197 2085 meo
1220 2032 1270 2086 cst
1291 2044 1380 2086 usus.
1424 2022 1470 2085 ita

326 2124 490 2188 cotidiano
519 2126 673 2189 convictu
706 2145 839 2188 necesse
872 2122 978 2187 suerat
1009 2123 1050 2187 de
1086 2122 1265 2210 philologia
1292 2122 1469 2210 disputare.

325 2227 454 2289 interim
477 2249 551 2290 cum
574 2235 660 2290 esset
687 2227 851 2291 internos
875 2224 916 2290 de
938 2247 1042 2312 aquae
1068 2234 1229 2312 potestate
1253 2234 1285 2288 et
1313 2227 1381 2288 eius
1404 2226 1470 2289 vir·
1491 2241 1522 2288 15

325 2328 450 2392 tutibus
474 2350 596 2409 sermo,
620 2329 773 2414 exposuit
796 2350 867 2393 esse
888 2328 924 2390 in
946 2349 983 2390 ea
1005 2320 1093 2391 terra
1115 2326 1276 2392 eiusmodi
1305 2326 1411 2391 fontes
1435 2336 1472 2391 ut

328 2429 384 2514 qui
403 2428 451 2492 ibi
473 2439 720 2512 procrearentur
735 2452 831 2493 voces
854 2429 897 2493 ad
916 2430 1112 2494 cantandum
1129 2431 1277 2515 egregias
1300 2427 1471 2510 haberent,

328 2528 468 2615 ideoque
497 2551 624 2615 semper
654 2530 889 2595 transmarinos⁴
916 2530 1087 2596 catlastros
1117 2552 1223 2595 emere
1249 2518 1410 2596 formosos
1440 2540 1472 2595 et

327 2629 451 2718 puellas
480 2639 622 2694 maturas
651 2652 769 2717 eosque
797 2633 1009 2716 coniungere,
1042 2643 1079 2696 ut
1107 2634 1163 2719 qui
1191 2643 1403 2699 nascerentur
1430 2655 1472 2697 ex

327 2733 377 2795 his
399 2755 464 2797 non
487 2731 592 2797 solum
615 2754 694 2797 voce
717 2735 850 2817 egregia
871 2732 929 2797 sed
959 2735 1056 2798 etiam
1079 2733 1183 2797 forma
1206 2743 1314 2799 essent
1337 2758 1402 2800 non
1422 2737 1471 2799 in·
1490 2751 1523 2800 20

328 2844 476 2898 venusta.

276 2952 309 3000 26
413 2937 496 3001 Cum
530 2936 610 3001 haec
645 2946 735 3001 tanta
762 2939 904 3003 varietas
933 2939 976 3002 sit
1009 2938 1198 3024 disparibus
1226 2937 1323 3002 rebus
1357 2947 1473 3003 natura

328 3036 518 3121 distributa,
542 3038 629 3126 quod
651 3038 829 3104 humanum
851 3062 967 3128 corpus
991 3049 1106 3104 estex
1126 3037 1236 3125 aliqua
1258 3049 1350 3125 parte
1372 3049 1472 3103 terre-

327 3163 421 3222 num,
445 3141 480 3204 in
502 3162 539 3205 eo
562 3150 670 3205 autem
693 3140 794 3205 multa
809 3151 885 3207 sunt
906 3164 1029 3227 genera
1049 3163 1209 3224 umorum,
1231 3144 1281 3206 uti
1303 3143 1472 3227 sanguinis

328 3242 421 3307 lactis
444 3243 572 3308 sudoris
595 3245 708 3307 urinae
730 3242 951 3327 lacrimarum,
982 3266 1059 3328 ergo
1082 3246 1110 3308 si
1133 3244 1168 3307 in
1189 3265 1292 3330 parva
1313 3245 1473 3332 particula
1491 3262 1524 3309 25

327 3348 448 3411 terreni
471 3356 563 3412 tanta
580 3345 798 3432 discrepantia
820 3347 987 3410 invenitur
1010 3368 1172 3433 saporum,
1194 3369 1260 3412 non
1281 3356 1332 3411 est
1353 3349 1472 3412 miran-

329 3447 407 3510 dum
430 3449 459 3512 si
482 3450 580 3512 etiam
607 3449 641 3510 in
664 3446 889 3531 magnitudine
913 3458 1020 3512 terrae
1042 3447 1296 3513 innumerabiles
1320 3472 1471 3515 sucorum

329 3645 556 3656 ,ιη-...σῇ-

397 3776 410 3823 1
429 3773 471 3822 uti
488 3773 583 3823 tharso
604 3774 654 3823 GH
672 3771 714 3835 (lc,
732 3774 774 3823 uti
792 3777 867 3823 tarso
886 3772 935 3835 h):
954 3778 985 3823 ut
1003 3775 1127 3826 intharso
1146 3775 1178 3825 E.
1196 3772 1208 3842 ΙΙ
1231 3776 1296 3827 aliis
1314 3776 1471 3827 eiusmodi:

327 3861 364 3908 sie
382 3858 467 3909 ΕΒΗ.
490 3854 502 3923 ll
522 3859 538 3907 4
557 3873 685 3922 passuum
704 3859 759 3909 ed:
785 3874 884 3923 passus
907 3858 993 3909 EGH.
1018 3856 1030 3927 ΙΙ
1053 3861 1215 3926 bregiones
1238 3861 1267 3911 H
1284 3860 1372 3924 (Ηώς
1395 3861 1473 3910 —nis

328 3943 386 3992 EG.
409 3938 422 4008 ll
444 3942 539 3992 finitae
558 3944 613 3992 ert:
644 3942 713 3993 finiti
735 3943 821 3994 ΕΘΗ.
846 3939 858 4008 ΙΙ
881 3945 896 3993 7
919 3943 1015 4009 oppidi
1036 3943 1114 3994 nulla
1137 3942 1184 4007 (sc.
1203 3959 1331 4009 serpens,
1350 3945 1385 4008 cs.
1403 3945 1472 3994 Pus.

330 4031 372 4083 35,
392 4025 454 4090 202)
475 4027 525 4076 GH
544 4024 627 4088 (Llclz
647 4027 708 4092 apis
726 4028 798 4090 (sort.
816 4043 865 4092 pro
884 4028 983 4094 aspin)
1003 4028 1081 4078 nulla
1099 4027 1133 4081 Ε.
1153 4024 1166 4095 ΙΙ
1188 4031 1204 4078 9
1224 4029 1309 4078 suerit
1328 4033 1357 4079 et
1375 4028 1431 4079 ibi.
1445 4028 1473 4078 id

328 4111 405 4161 Sela.
420 4110 481 4174 (οὓς
498 4110 582 4161 luerit
597 4109 601 4175 Ι
617 4108 691 4161 &ibi
703 4111 732 4161 id
743 4113 772 4162 H
784 4109 874 4174 (asine
886 4112 1002 4178 interp),
1016 4113 1102 4163 fuerit
1112 4151 1119 4165 .
1129 4113 1153 4161 dr
1166 4113 1207 4162 ibi
1219 4112 1248 4162 id
1259 4112 1310 4163 EG
1321 4110 1404 4174 (het).
1415 4108 1428 4178 ΙΙ
1442 4114 1472 4161 11

329 4194 520 4261 gaius.iulius
535 4233 541 4245 .
555 4197 718 4247 masinissae
737 4196 905 4259 (Masintbae
925 4197 1028 4248 Galiam'
1043 4213 1058 4247 e
1076 4196 1145 4247 Suet.
1165 4197 1239 4250 Caes.
1259 4198 1301 4258 71)
1320 4195 1399 4247 EGH
1417 4194 1476 4259 (sed

327 4281 382 4329 sine
397 4282 500 4345 punctis
517 4280 586 4344 EG).
607 4278 619 4347 ΙΙ
642 4283 672 4332 ts
690 4285 769 4347 patre
783 4281 845 4334 EG⁶
863 4282 960 4345 (Leton
979 4286 1075 4346 patres
1092 4282 1122 4332 H
1139 4289 1164 4332 et
1182 4289 1241 4332 ante
1258 4296 1327 4331 corr.
1347 4281 1370 4331 G
1388 4280 1444 4346 (L).
1459 4278 1471 4346 ΙΙ

328 4364 445 4415 Caesari
462 4382 522 4428 eoo:
543 4380 658 4416 caesare
677 4365 785 4430 (cesare
806 4367 838 4432 G)
857 4366 945 4417 EGH.
969 4362 980 4431 Η
1005 4366 1037 4415 18
1050 4364 1210 4415 catlastros:
1229 4368 1267 4417 sr'c
1279 4365 1365 4419 ΕΘΗ.
1383 4362 1395 4432 ΙΙ
1417 4366 1474 4415 for-

329 4464 437 4500 monsos
456 4452 484 4500 H
503 4450 539 4511 (L
556 4458 582 4501 et
599 4459 659 4501 unte
676 4455 745 4501 corr.
764 4448 812 4514 tel:
833 4452 967 4501 formosos
985 4450 1035 4500 EG
1057 4448 1138 4511 (tce-⁶).
1163 4445 1175 4515 ss
1198 4452 1231 4501 20
1252 4466 1322 4501 voce
1345 4451 1472 4516 egregia:

328 4536 365 4583 sie
378 4534 463 4584 EGH.
482 4532 541 4600 ll²4
560 4540 625 4586 sunt
636 4551 741 4601 genera
758 4549 861 4586 morum
880 4535 988 4597 (umoris
1003 4534 1044 4591 0⁶,
1063 4533 1178 4584 humorir
1196 4534 1234 4584 Eo
1250 4551 1331 4599 supra
1347 4536 1391 4587 lin.
1411 4538 1472 4588 add.

329 4635 345 4666 v
363 4626 387 4669 et
406 4620 469 4684 hn):
492 4635 597 4684 genera
618 4625 683 4670 sunt
704 4635 808 4670 morum
833 4619 860 4667 H
878 4614 957 4682 (Lle).
981 4613 993 4683 ll
1021 4619 1054 4667 27
1076 4619 1101 4667 si
1119 4618 1204 4667 etiam
1226 4619 1255 4668 in
1272 4634 1318 4684 ego
1340 4619 1376 4681 (si
1394 4623 1473 4671 tanta

328 4702 357 4749 in
375 4704 429 4753 ed:
449 4706 473 4753 si
492 4708 549 4752 tam
568 4704 607 4768 (tri
626 4706 658 4768 G)
677 4705 705 4753 in
724 4704 810 4755 ΕΘΗ.
834 4700 846 4769 Η
870 4700 1085 4752 innumerabiles
1103 4701 1166 4752 EG:
1184 4702 1253 4754 —lis
1270 4704 1300 4754 H
1318 4701 1399 4769 (hle).
