3984 5825
494 639 536 703 42
852 710 855 714 ⁴
984 651 1140 699 vlruuvu

414 802 416 805 ¹
492 807 704 894 respondere,
733 806 792 870 sed
814 829 887 870 cum
911 806 1158 892 expenduntur,
1182 815 1390 891 permanente
1413 828 1451 869 ea
1473 809 1635 891 magnitu-

493 910 585 991 dine,
614 917 747 972 excocto
769 907 894 994 liquore
917 908 1048 973 circiter
1069 908 1164 970 tertia
1186 917 1278 993 parte
1300 906 1452 992 ponderis
1476 909 1638 974 inminuta

492 1032 563 1075 esse
585 1011 804 1073 inveniuntur.
853 1010 954 1094 igitur
982 1031 1055 1073 cum
1083 1018 1195 1094 patent
1217 1007 1375 1072 foramina
1398 1031 1509 1073 eorum
1532 1020 1565 1074 et
1587 1034 1636 1074 ra-

491 1113 621 1192 ritates,
655 1111 794 1174 harenae
826 1112 1018 1175 mixtionem
1050 1111 1086 1173 in
1114 1130 1149 1171 se
1177 1110 1357 1195 corripiunt
1388 1119 1420 1174 et
1447 1112 1493 1174 ita
1522 1112 1640 1175 coh'ae-'

458 1196 625 1277 {arescunt
659 1212 929 1297 siccescendoque
962 1234 1035 1275 cum
1068 1212 1242 1275 caementis
1276 1220 1392 1274 coeunt
1425 1221 1457 1275 et
1490 1212 1639 1278 efficiunt

491 1325 726 1380 structurarum
748 1312 957 1377 soliditatem.

441 1429 479 1477 vl
577 1416 639 1480 Est
672 1416 770 1479 etiam
802 1437 904 1500 genus
938 1414 1083 1502 pulveris
1118 1416 1205 1500 quod
1234 1413 1336 1478 efficit
1365 1414 1556 1479 naturaliter
1585 1431 1669 1480 resr

492 1516 711 1582 admirandas.
755 1518 899 1580 nascitur
921 1518 956 1579 in
977 1515 1166 1599 regionibus
1189 1515 1321 1579 Baianis
1345 1525 1377 1579 et
1399 1517 1433 1578 in
1455 1518 1545 1601 agris
1568 1540 1636 1581 mu-

491 1621 685 1706 nicipiorum
713 1639 795 1704 quae
823 1628 898 1682 sunt
927 1619 1013 1680 circa
1035 1617 1216 1680 Vesuvium
1242 1627 1395 1682 montem.
1440 1618 1528 1703 quod
1551 1640 1636 1683 com-

442 1721 630 1786 remixtum
658 1742 731 1784 cum
749 1719 849 1782 calce
876 1728 908 1782 et
936 1728 1102 1783 caemento
1130 1740 1195 1782 non
1218 1718 1313 1783 modo
1337 1721 1453 1783 ceteris
1476 1719 1636 1784 aedificiis

491 1831 634 1909 praestat
660 1821 846 1903 firmitates,
875 1821 934 1885 sed
955 1822 1053 1885 etiam
1074 1819 1175 1885 moles
1198 1843 1271 1884 curn
1294 1829 1464 1886 struuntur
1485 1823 1521 1893 in
1542 1823 1636 1902 mari,

491 1924 551 1988 sub
580 1946 664 2009 aqua
691 1921 900 1988 solidescunt.
950 1921 1011 1986 hoc
1039 1932 1146 1986 autem
1174 1921 1245 1985 fieri
1273 1921 1335 1985 hac
1356 1923 1481 1987 ratione
1504 1923 1638 1988 videtur

490 2024 578 2112 quod
610 2025 671 2088 sub
704 2023 754 2088 his
787 2024 953 2088 montibus
980 2034 1013 2088 et
1040 2034 1147 2105 terrae
1175 2022 1339 2087 ferventes
1367 2035 1442 2088 sunt
1470 2036 1501 2088 et
1529 2024 1636 2090 fontes

490 2127 608 2208 crebri,
632 2128 767 2211 quinon
782 2135 901 2207 essent,
925 2128 954 2188 si
968 2147 1034 2189 non
1049 2125 1083 2187 in
1099 2125 1163 2189 imo
1184 2124 1342 2190 haberent
1362 2135 1419 2189 aut
1442 2148 1459 2189 e
1482 2125 1637 2212 sulphure

441 2244 472 2291 15
490 2239 546 2292 aut
579 2226 720 2290 alumine
752 2240 809 2289 aut
836 2225 997 2289 bitumine
1024 2225 1176 2290 ardentes
1199 2226 1360 2291 maximos
1384 2229 1488 2312 ignes.
1533 2229 1636 2311 igitur

490 2330 620 2417 penitus
643 2329 730 2410 ignis
747 2337 786 2392 -e't
807 2327 955 2391 flammae
978 2350 1080 2414 vapor
1102 2349 1160 2414 per
1182 2322 1365 2392 intervenia
1387 2351 1581 2415 permanans
1604 2340 1637 2393 et

490 2430 608 2494 ardens
641 2427 743 2491 efficit
771 2427 875 2493 levem
905 2452 975 2494 cam
1003 2438 1139 2509 terram,
1174 2440 1206 2494 et
1233 2429 1281 2493 ibi
1303 2431 1359 2515 qui
1381 2431 1635 2524 nasciturtofus

419 2521 426 2530 ’
491 2551 670 2614 exsurgens
687 2539 736 2592 est
751 2531 822 2592 sine
836 2528 971 2616 liquore.
1000 2553 1077 2615 ergo
1093 2553 1166 2593 cum
1182 2540 1248 2594 tres
1263 2552 1315 2594 res
1332 2530 1494 2596 consimili
1509 2520 1671 2596 ratiffire*

491 2633 577 2717 ignis
605 2630 812 2695 vehementia
839 2631 996 2696 formatae
1023 2634 1058 2696 in
1080 2655 1177 2695 unam
1199 2634 1408 2718 pervenerint
1430 2635 1634 2714 mixtionem,

440 2743 624 2819 rerepente
652 2741 783 2818 recepto
805 2731 931 2818 liquore
956 2734 1276 2798 una'cohaerescunt
1298 2744 1331 2798 et
1353 2733 1501 2799 celeriter
1522 2758 1635 2799 umore

490 2834 624 2900 duratae
647 2833 836 2916 solidantur,
860 2857 965 2921 neque
986 2857 1040 2899 eas
1063 2836 1179 2900 fluctus
1202 2858 1307 2922 neque
1328 2837 1380 2900 vis
1402 2858 1505 2922 aquae
1528 2847 1636 2923 potest

490 2937 680 3003 dissolvere.
725 2937 862 3003 ardores
890 2948 999 3001 autem
1027 2960 1098 3001 esse
1127 2940 1161 3002 in
1183 2937 1234 3001 his
1257 2936 1337 3003 locis
1360 2940 1459 3003 etiam
1481 2937 1561 3002 haec
1582 2961 1634 3003 res
1653 2954 1668 3003 2

490 3049 596 3125 potest
623 3038 768 3102 indicare
797 3039 883 3125 quod
911 3041 945 3103 in
972 3041 1137 3104 montibus
1161 3040 1380 3105 Cumanorum
1401 3039 1536 3105 Baianis
1559 3050 1636 3105 sunt

490 3141 560 3206 loca
575 3140 804 3206 sudationibus
820 3151 990 3222 excavata,
1014 3143 1048 3204 in
1071 3141 1189 3227 quibus
1211 3163 1313 3227 vapor
1335 3140 1482 3205 fervidus
1504 3141 1546 3205 ab
1569 3142 1635 3206 imo

439 3254 626 3307 renascens
653 3244 740 3327 ignis
768 3242 974 3306 vehementia
1002 3242 1145 3328 perforat
1173 3265 1244 3305 eam
1271 3252 1391 3306 terram
1419 3264 1636 3329 pereamque

489 3343 651 3407 manando
666 3343 701 3405 in
715 3343 765 3406 his
781 3341 861 3406 locis
884 3346 986 3408 oritur
1010 3353 1041 3407 et
1063 3345 1109 3408 ita
1131 3343 1338 3408 sudationum
1362 3344 1510 3428 egregias
1534 3343 1635 3409 efficit

489 3444 660 3509 utilitates.
704 3458 769 3507 non
790 3445 897 3509 minus
926 3446 1024 3508 etiam
1045 3454 1264 3511 memorantur
1285 3447 1465 3532 antiquitus
1489 3447 1635 3510 crevisse

489 3544 621 3608 ardores
637 3553 669 3607 et
683 3544 905 3611 abundavisse
919 3546 980 3610 sub
995 3546 1142 3611 Vesuvio
1164 3556 1274 3611 monte
1296 3557 1328 3611 et
1350 3548 1428 3612 inde
1450 3544 1636 3612 evomuisse

490 3647 577 3710 circa
591 3668 687 3731 agros
702 3647 874 3713 flammam.
919 3647 1058 3734 ideoque
1073 3658 1151 3713 tunc
1167 3671 1249 3734 quae
1265 3650 1403 3736 spongia
1419 3650 1489 3711 sive
1512 3671 1635 3734 pumex

439 3761 472 3808 30
490 3748 706 3833 Pompeianus
736 3760 872 3813 vocatur
900 3761 1034 3816 excocto
1057 3773 1099 3814 ex
1121 3749 1185 3814 alio
1208 3772 1327 3834 genere
1350 3749 1470 3837 lapidis
1493 3752 1527 3814 in
1549 3751 1633 3816 hanc

489 3847 622 3913 redacta
655 3870 725 3914 csse
758 3851 889 3915 videtur
921 3853 1050 3935 generis
1079 3851 1279 3938 qualitatem.
1330 3851 1365 3916 id
1388 3860 1501 3936 ,autem
1530 3870 1667 3939 genuae

557 4092 573 4140 8
591 4090 701 4139 baianis
723 4091 752 4140 in
776 4091 834 4146 GH.
854 4090 893 4153 (et
913 4092 976 4141 add.
999 4089 1076 4154 doc).
1100 4088 1112 4158 ΙΙ
1142 4094 1173 4143 10
1194 4093 1272 4142 modo
1296 4093 1346 4143 GH
1365 4091 1413 4155 (L,
1436 4092 1543 4144 modico
1556 4093 1600 4158 lc).
1619 4092 1631 4159 Η

491 4176 521 4223 11
541 4173 684 4224 firmitates
707 4176 735 4224 H
758 4172 879 4238 (thlcjz
907 4174 1037 4225 firmitate
1053 4177 1057 4240 1
1073 4183 1224 4228 ante—corr.
1250 4177 1278 4231 G.
1303 4173 1314 4242 ΙΙ
1345 4179 1375 4226 17
1400 4178 1446 4241 qui
1463 4178 1535 4230 loe:
1559 4178 1634 4241 quod

490 4255 536 4322 (qd
556 4257 588 4320 θ)
608 4258 666 4308 GH.
687 4256 733 4320 (cf,
749 4275 777 4322 p.
796 4258 913 4324 44,“24).
930 4255 943 4326 ΙΙ
965 4262 998 4310 22
1017 4260 1170 4311 dissolvere
1187 4262 1217 4310 H
1230 4260 1314 4323 (Ltc):
1333 4260 1391 4310 diei
1405 4261 1509 4311 solvere
1524 4263 1554 4311 G.
1571 4258 1583 4327 ΙΙ
1600 4265 1633 4313 23

489 4343 613 4392 cuanorir
633 4343 666 4400 G,
692 4340 903 4407 cumlannorum
927 4343 984 4406 (sic)
1005 4345 1033 4393 H
1052 4342 1098 4407 (cir
1118 4346 1224 4395 annord
1243 4346 1396 4394 obstante
1415 4361 1482 4398 corr.
1501 4348 1517 4404 l,
1539 4360 1633 4396 cuma·

489 4428 558 4476 nord
576 4429 609 4487 lc,
633 4427 774 4506 cdvanoru
792 4429 824 4477 L.
840 4424 852 4493 ΙΙ
868 4429 900 4477 26
916 4435 976 4492 post
994 4430 1132 4480 manando
1149 4434 1175 4480 in
1190 4430 1241 4480 GH
1252 4435 1402 4493 repetuntur
1418 4430 1496 4480 verba
1507 4430 1632 4490 fervidus

490 4527 525 4576 ab
543 4528 602 4577 imo.
614 4543 742 4578 nascens.
763 4525 775 4594 ΙΙ
798 4531 830 4579 27
850 4533 1035 4580 memorantur
1055 4530 1076 4580 G
1094 4531 1153 4594 (L):
1173 4536 1300 4587 -rentur
1318 4532 1349 4579 H
1365 4528 1418 4593 (lc).
1442 4526 1454 4596 ΙΙ
1477 4534 1509 4580 29
1529 4545 1581 4596 que
1602 4532 1632 4589 6,

489 4626 514 4672 q3
534 4612 563 4659 H
585 4608 626 4672 (lc,
647 4612 715 4676 (jhc,
736 4613 800 4676 quia
820 4610 863 4677 t).
892 4610 904 4679 ΙΙ
931 4617 965 4665 30
987 4615 1167 4679 pompeianus
1191 4617 1224 4678 θ,
1250 4616 1422 4680 ponpeianus
1445 4616 1473 4663 H
1493 4612 1562 4678 (ch,
1583 4618 1633 4680 po-

489 4694 607 4758 peianus
630 4696 674 4759 ek,
697 4698 889 4763 ponpegianus
908 4705 967 4749 ante
985 4715 1054 4750 corr.
1073 4702 1101 4762 l).
1124 4696 1137 4766 ΙΙ
1166 4704 1280 4751 excocto
1303 4701 1332 4750 H
1351 4698 1435 4763 (Ltc):
1461 4702 1578 4750 excoctu
1602 4700 1634 4753 θ.
