3984 5825
431 614 473 680 92
923 633 1080 679 vrrnrvu

431 788 498 850 suis
521 788 674 873 metopis,
706 784 765 849 alti
793 789 888 849 unius
917 798 948 849 et
971 785 1135 848 dimidiati
1163 783 1301 866 moduli,
1329 783 1388 848 lati
1410 786 1445 848 in
1467 785 1577 850 fronte

431 890 527 953 unius
559 887 700 969 moduli,
733 889 779 951 ita
807 887 909 951 divisi
936 899 972 951 ut
1000 889 1034 950 in
1060 885 1271 971 angularibus
1298 885 1458 950 columnis
1486 889 1576 950 etin

432 990 548 1054 mediis
575 1004 688 1054 contra
715 1002 873 1052 tetrantes
902 987 1026 1051 medios
1055 991 1122 1052 sint
1147 986 1324 1071 conlocati,
1353 998 1386 1051 et
1412 989 1448 1051 in
1473 989 1574 1051 inter-

431 1091 604 1156 columniis
632 1090 768 1177 reliqnis
795 1091 883 1172 bini,
913 1091 947 1153 in
975 1090 1093 1153 mediis
1121 1111 1243 1175 pronao
1270 1098 1303 1153 et
1329 1091 1456 1176 postico
1477 1091 1573 1153 terni.
1636 1085 1644 1097 ’

398 1196 478 1258 sita
506 1192 664 1257 relaxatis
692 1192 810 1256 mediis
837 1190 1036 1271 intervallis,
1069 1192 1140 1254 sine
1172 1190 1431 1278 inpeditionibus
1464 1191 1573 1255 aditus

431 1294 663 1360 accedentibus
691 1296 753 1359 erit
779 1293 824 1357 ad
851 1294 985 1358 deornm
1012 1293 1195 1356 simulacra.
1238 1292 1479 1380 triglyphorum
1502 1291 1606 1357 lati-5

432 1397 511 1462 tudo
538 1396 707 1460 dividatur
734 1398 768 1460 in
796 1408 905 1482 partes
933 1418 1009 1475 sex,
1037 1394 1220 1482 exquibus
1242 1396 1385 1480 quinque
1407 1403 1518 1482 partes
1540 1396 1581 1458 in

433 1498 555 1580 medio,
579 1497 664 1561 duae
685 1496 841 1560 dimidiae
862 1496 980 1560 dextra
1001 1518 1040 1560 ac
1062 1498 1194 1561 sinistra
1215 1495 1430 1581 designentur
1451 1496 1573 1581 regula.

431 1623 495 1664 una
518 1603 551 1665 in
574 1599 683 1663 medio
703 1599 906 1663 deformetur
927 1599 1049 1681 femur,
1072 1598 1159 1684 quod
1176 1619 1293 1683 graece
1317 1621 1425 1681 μηρος
1446 1597 1573 1664 dicitur.

384 1721 414 1769 to
432 1702 610 1767 secundum
638 1724 709 1764 eam
738 1699 910 1765 canaliculi
936 1699 979 1764 ad
1006 1722 1139 1766 normae
1166 1721 1320 1764 cacumen
1346 1700 1571 1786 inprimantur.

432 1828 474 1869 ex
495 1805 611 1870 ordine
632 1826 742 1869 eorum
765 1801 883 1868 dextra
903 1825 942 1866 ac
962 1803 1097 1866 sinistra
1117 1801 1219 1867 altera
1238 1802 1361 1879 femina
1376 1802 1572 1866 constituan-

429 1919 495 1989 tur.
533 1908 568 1970 in
590 1907 745 1971 extremis
767 1907 915 1991 partibus
938 1903 1192 1970 semicanaliculi
1213 1905 1482 1969 intervertantnr.
1518 1903 1573 1968 tri·

431 2008 564 2096 glyphis
593 2010 639 2072 ita
668 2006 861 2088 conlocatis,
890 2015 1039 2093 metopae
1067 2028 1150 2092 quae
1176 2016 1251 2070 sunt
1278 2007 1363 2070 inter
1389 2002 1572 2092 triglyphos
1648 2054 1649 2060 κ

431 2133 534 2196 aeque
555 2109 641 2173 altae
663 2111 728 2173 sint
751 2131 847 2194 quam
869 2107 995 2194 longae,
1018 2109 1097 2172 item
1111 2109 1145 2172 in
1165 2108 1319 2172 extremis
1333 2105 1464 2192 angulis
1479 2107 1572 2171 semi·

383 2232 414 2279 ts
432 2214 576 2298 metopia
604 2212 669 2274 sint
695 2212 844 2297 inpressa
872 2208 1009 2274 dimidia
1037 2209 1160 2274 moduli
1187 2208 1369 2274 latitudine.
1412 2210 1462 2272 ita
1488 2209 1573 2272 enim

434 2315 496 2377 orit
522 2322 558 2376 ut
587 2313 695 2376 omnia
722 2312 804 2375 vitia
838 2320 869 2375 et
897 2321 1100 2400 metopamm
1131 2321 1163 2376 et
1195 2310 1516 2376 intercolumniorum
1544 2320 1575 2374 et

355 2404 360 2411 ⁶
434 2414 687 2494 lacunariorum,
716 2413 803 2499 quod
825 2412 976 2500 aequales
1000 2413 1179 2479 divisiones
1202 2414 1307 2478 factae
1330 2420 1439 2495 erunt,
1468 2434 1573 2476 emen·

433 2515 561 2579 dentur.
605 2513 766 2602 triglyphi
788 2515 931 2601 capitula
953 2525 1047 2580 sexta
1069 2515 1170 2603 parte
1182 2513 1306 2581 moduli
1320 2524 1397 2579 sunt
1409 2513 1573 2578 faciunda.
1590 2539 1604 2586 5

433 2640 532 2705 supra
558 2614 799 2704 triglyphorum
828 2616 970 2704 capitula
998 2640 1117 2682 corona
1144 2627 1193 2681 est
1220 2615 1418 2681 conlocanda
1444 2616 1481 2679 in
1502 2639 1574 2703 pro-

383 2739 416 2787 to
433 2720 558 2783 iectura
579 2717 735 2782 dimidiae
758 2728 790 2784 et
812 2729 926 2784 sextae
948 2722 1051 2807 partis
1075 2719 1196 2784 hahens
1225 2719 1401 2809 cymatium
1428 2716 1574 2782 doricum

434 2821 468 2884 in
490 2821 565 2904 imo,
587 2819 726 2887 alterum
747 2822 784 2885 in
805 2844 940 2886 summe.
984 2824 1063 2888 item
1080 2844 1153 2887 cum
1168 2821 1319 2908 cymatiis
1334 2840 1450 2884 corona
1465 2841 1576 2884 crassa

433 2998 661 3006 ψ

503 3102 513 3148 1
535 3098 616 3148 unius
639 3103 667 3148 et
687 3098 824 3149 dimidiati
846 3101 918 3152 loe:
949 3099 1029 3147 unius
1047 3095 1183 3162 dimidiati
1207 3096 1265 3147 GH.
1292 3092 1305 3162 Η
1332 3098 1349 3145 3
1371 3057 1517 3151 11ιωίἇίἀί
1538 3092 1573 3154 l&

434 3181 669 3247 lnltercolumniis
689 3183 758 3244 GH).
781 3180 793 3248 Η
814 3186 831 3232 t
849 3183 908 3232 bini
925 3184 997 3233 doe:
1021 3183 1094 3232 binis
1113 3183 1171 3232 GH.
1200 3177 1212 3247 Η
1239 3180 1393 3230 claritudo
1411 3181 1483 3231 doe:
1514 3178 1575 3228 alti·

433 3266 498 3316 tudo
518 3265 578 3315 (ill.
602 3262 613 3330 Η
637 3268 651 3314 7
671 3264 812 3331 (quinque)
832 3268 1015 3331 partasius:
1034 3267 1157 3331 partibus
1178 3266 1237 3321 GH.
1260 3261 1273 3331 Η
1295 3264 1416 3315 ttfemor
1433 3271 1493 3315 ante
1506 3279 1575 3314 corr.

436 3367 469 3418 ΙΙ,
494 3361 506 3431 Η
534 3380 633 3430 graece
651 3381 740 3431 μηρος
762 3368 834 3418 toa:
862 3357 947 3431 grece
973 3382 1033 3417 eros
1060 3344 1093 3426 θ’,
1118 3351 1238 3446 graecis
1258 3382 1317 3417 eros
1335 3366 1372 3416 H.
1396 3360 1407 3432 Η
1432 3366 1463 3416 11
1483 3380 1575 3415 eorum

433 3466 504 3517 duca
526 3481 617 3516 aarum
638 3466 695 3515 GH.
719 3463 731 3534 Η
755 3471 786 3518 13
804 3466 1025 3532 intertrigliphos
1045 3469 1082 3531 (tr
1099 3472 1124 3519 in
1136 3468 1201 3534 ras.)
1217 3469 1253 3523 0:
1269 3465 1461 3533 interglyphos
1473 3467 1506 3517 H
1514 3463 1574 3530 (teti,

433 3548 660 3614 lntartrlglyphos
680 3552 715 3609 L,
739 3551 811 3601 inter
833 3551 986 3617 trigluphos
1009 3551 1057 3616 tt2).
1084 3549 1096 3619 Η
1125 3556 1156 3602 14
1174 3553 1369 3620 semimetopia
1392 3552 1465 3606 Joc.:
1497 3552 1575 3601 semi·

375 3704 378 3713 A
434 3648 572 3715 mamphis
584 3648 820 3732 (samlvmemphia
840 3654 883 3716 Ge)
904 3654 962 3704 uli.
980 3653 992 3720 Η
1010 3656 1041 3704 18
1053 3655 1186 3707 faciunda
1201 3656 1253 3707 GH
1269 3652 1342 3730 (Led,
1361 3641 1484 3704 ischnda
1503 3653 1546 3713 1⁶).
1561 3646 1573 3717 Η

433 3755 466 3802 20
484 3749 614 3803 dimidiae
634 3756 757 3819 etsexta
776 3754 864 3819 partis
877 3756 911 3804 L:
936 3755 1068 3807 dimidiae
1088 3753 1232 3820 (dimediae
1250 3772 1275 3817 c,
1296 3755 1377 3822 >die
1394 3752 1414 3821 t)
1433 3757 1462 3804 et
1480 3757 1574 3803 sextae

434 3835 524 3898 (sexte
543 3853 565 3895 e,
584 3835 667 3899 sext)
690 3842 770 3903 parte
791 3839 823 3888 II
838 3837 898 3903 (tc),
922 3839 1033 3907 dimidia
1058 3846 1086 3891 et
1108 3845 1188 3891 sexta
1204 3839 1209 3908 Η
1223 3845 1302 3907 parte
1327 3841 1356 3892 G.
1378 3836 1390 3907 Η
1411 3835 1573 3903 20(-93;s)

434 3920 540 3974 hebens
554 3961 559 3976 .
571 3959 577 3976 .
588 3959 595 3976 .
608 3921 843 3988 perpendiculum:
862 3925 925 3979 itaer
942 3927 1030 3975 eadem
1047 3925 1124 3976 verba
1141 3933 1170 3977 ut
1185 3928 1212 3977 ia
1236 3926 1290 3977 GH
1303 3927 1340 3975 tta
1362 3926 1389 3975 ia
1406 3924 1518 3975 cambus
1535 3939 1574 3974 co·

433 4005 529 4059 dicitas
547 4011 698 4073 repetuntur
715 4007 786 4072 infra
802 4023 830 4072 p.
849 4010 896 4067 93,
915 4011 947 4057 17
963 4009 1032 4058 inter
1048 4010 1126 4060 verba
1143 4012 1173 4060 in
1196 4010 1366 4060 madianaei
1384 4012 1479 4061 eontra
1498 4008 1576 4058 fasti-

434 4091 516 4158 glum,
535 4090 585 4143 atsi
602 4092 671 4158 quod
686 4106 771 4143 rocem
788 4091 892 4141 moduli
909 4108 982 4158 quara
999 4092 1073 4144 tabet
1089 4095 1116 4152 θ,
1131 4111 1184 4145 eam
1196 4097 1287 4146 omittit
1297 4095 1329 4145 H
1339 4093 1418 4159 (Ltc),
1436 4097 1494 4143 item
1506 4100 1575 4143 recte

433 4192 482 4243 pro
495 4176 549 4240 (tt,
563 4176 589 4239 1)
608 4175 774 4227 columnata
788 4175 838 4229 GH
850 4183 908 4227 tanc
918 4176 1038 4228 scribitur
1056 4194 1167 4234 corona.
1191 4182 1265 4231 eiecit
1282 4179 1429 4230 Loreatren
1445 4177 1499 4231 obs.
1518 4179 1576 4227 crit.

433 4276 459 4326 p.
480 4264 503 4312 7.
527 4276 591 4328 quse
612 4261 732 4326 repetitio
750 4262 809 4311 tude
832 4267 894 4311 nata
916 4268 954 4312 est
976 4264 1044 4327 quod
1064 4266 1150 4315 ocutus
1171 4264 1308 4315 scribentis
1329 4266 1365 4315 ud
1385 4266 1466 4329 ipsum
1481 4264 1576 4312 initians

433 4346 487 4397 etta
505 4361 577 4412 quara
593 4346 667 4399 modo
684 4346 859 4411 descripserat
870 4347 980 4411 papissae
997 4355 1129 4399 revertens
1145 4351 1211 4400 idem
1222 4350 1270 4400 hoc
1285 4349 1395 4400 eiusdem
1404 4350 1518 4414 popinae
1530 4348 1577 4396 ini·

434 4429 493 4480 tiam
504 4427 542 4480 ta
552 4436 674 4496 poneret:
701 4432 854 4481 interiacent
874 4433 938 4481 enim
959 4432 1116 4483 interieritis
1134 4435 1184 4484 toci
1205 4434 1243 4484 bis
1259 4435 1351 4498 scripti
1366 4448 1455 4483 rmus
1472 4432 1577 4482 circiter

436 4513 468 4563 ts
490 4513 561 4565 hictus
583 4515 623 4568 ed.
646 4518 685 4566 oet
707 4516 802 4567 codicis
824 4516 934 4567 (iudicat
956 4519 1004 4579 tt,
1027 4519 1070 4582 qui
1091 4534 1206 4569 numeria
1228 4524 1336 4583 spatium
1358 4520 1448 4583 captet
1463 4518 1576 4581 popinae

435 4597 507 4647 saitis
529 4599 582 4648 eius
604 4601 699 4651 codtcis
715 4616 750 4651 ea
768 4615 816 4667 qao
839 4607 864 4651 et
884 4601 947 4652 Get
965 4601 996 4655 II
1015 4603 1130 4668 profecti
1149 4611 1219 4663 suat,
1241 4606 1296 4655 scit.
1318 4604 1344 4653 in
1366 4618 1415 4669 quo
1432 4603 1514 4668 primo
1535 4599 1576 4665 [ο-

435 4677 523 4730 ttorsm
545 4681 644 4746 septimi
665 4681 725 4734 tibrl
746 4684 850 4737 danuam
871 4686 936 4738 ordo
958 4702 1095 4739 conversus
1110 4687 1169 4751 fuit.
