3984 5825
683 706 730 752 nn
755 705 1025 754 nacurrucrusn
1048 708 1116 753 mn.
1140 709 1172 753 v,
1435 694 1496 756 119

349 870 421 948 pter
449 883 566 941 usum,
595 860 644 922 uti
671 858 795 942 gradus
824 853 1011 922 diazemata
1038 859 1163 946 pluteos
1192 862 1310 923 itinera
1338 884 1493 926 ascensus

349 962 477 1067 pulpito<
498 959 677 1026 tribunalia
699 970 732 1024 et
754 963 783 1024 si
805 982 870 1046 qua
891 960 957 1023 alia
979 962 1198 1024 intercurrunt
1227 984 1268 1024 cx
1297 963 1415 1047 quibus
1437 987 1492 1027 ne-

349 1066 485 1128 cessitas
514 1064 602 1147 cogit
632 1061 800 1125 discedere
828 1061 870 1125 ab
898 1064 1090 1148 symmetria
1117 1084 1158 1124 ne
1186 1063 1374 1149 inpediatur
1401 1089 1491 1129 usus.

347 1190 412 1230 non
435 1167 544 1229 minus
566 1165 595 1227 si
618 1186 682 1251 qua
705 1165 869 1248 exiguitas
893 1165 1070 1251 copiarum,
1093 1165 1128 1227 id
1151 1174 1201 1228 est
1223 1167 1403 1247 marmoris,
1426 1189 1490 1229 ma-

346 1268 449 1332 teriae
463 1266 728 1353 reliquarumque
741 1287 851 1328 rerum
870 1287 953 1351 quae
968 1275 1140 1352 parantur,
1164 1267 1198 1329 in
1220 1289 1317 1353 opere
1340 1268 1491 1350 defuerit,
1511 1288 1526 1336 5

347 1369 481 1456 paulum
497 1367 626 1431 demere
648 1375 705 1431 aut
726 1367 871 1449 adicere,
896 1367 975 1430 dum
996 1368 1032 1431 id
1054 1390 1095 1431 ne
1116 1368 1254 1431 nimium
1276 1369 1413 1456 inprobe
1434 1370 1492 1433 fiat

346 1471 404 1535 sed
433 1493 508 1534 cum
529 1491 644 1553 sensu,
667 1492 733 1534 non
756 1471 818 1532 erit
840 1467 993 1537 alienum.
1037 1472 1099 1533 hoc
1121 1479 1230 1532 autem
1252 1472 1313 1533 crit
1336 1473 1364 1534 si
1386 1474 1490 1535 arehi-

346 1582 452 1637 tcctus
467 1573 613 1647 eritusu
634 1562 777 1657 peritus,
800 1579 969 1656 praetcrea
991 1571 1123 1655 ingenio
1146 1571 1259 1635 mobili
1282 1572 1491 1659 sollertiaque

345 1698 410 1739 non
432 1673 533 1736 fuerit
557 1673 723 1736 viduatus.
1311 1726 1315 1734 .

312 1793 328 1839 8
431 1776 528 1862 Ipsae
543 1784 652 1838 autem
668 1796 805 1838 scaenae
828 1773 1049 1838 suas·habent
1070 1776 1212 1839 rationes
1237 1774 1417 1862 explicatas
1440 1778 1487 1839 ita
1507 1795 1540 1844 10

346 1880 394 1942 uti
422 1877 550 1940 mediae
579 1876 697 1940 valvae
719 1885 851 1940 ornatus
874 1875 1017 1938 habeant
1039 1876 1133 1939 aulae
1151 1875 1282 1959 regiae,
1311 1877 1429 1940 dextra
1450 1899 1489 1940 ae

345 1982 480 2044 sinistra
500 1978 693 2067 hospitalia,
718 1976 898 2042 secundum
920 1987 1030 2041 autem
1053 1979 1159 2063 spatia
1181 1978 1224 2040 ad
1246 1987 1379 2042 ornatus
1403 2001 1487 2044 com-

344 2086 476 2169 parata,
512 2102 595 2167 quae
626 2079 698 2145 loca
719 2079 840 2144 Graeci
873 2100 1075 2162 asorenrovc
1108 2079 1221 2142 dicunt
1253 2078 1295 2142 ab
1329 2101 1365 2143 co
1400 2082 1488 2166 quod

343 2184 513 2247 machinae
540 2191 616 2246 srmt
643 2184 679 2246 in
699 2182 750 2244 his
774 2181 853 2246 locis
876 2179 1049 2246 versatiles
1073 2182 1220 2265 trigonoe
1242 2180 1399 2246 habentes
1422 2185 1487 2246 sin-

343 2284 440 2370 gulae
468 2295 534 2349 tres
563 2285 688 2371 speeies
712 2284 907 2366 ornationis,
931 2305 1015 2368 quae
1037 2305 1111 2346 cum
1133 2291 1190 2346 aut
1211 2282 1395 2347 fabularum
1418 2308 1487 2347 nur-
1508 2304 1539 2351 15

345 2389 484 2451 tationes
514 2396 591 2450 sunt
618 2384 747 2448 futurae
776 2407 834 2448 seu
861 2383 995 2448 deorum
1023 2385 1185 2448 adventus
1216 2407 1289 2448 cum
1312 2387 1487 2450 tonitribus

343 2490 539 2576 repentinis,
562 2496 735 2551 versentur
748 2495 940 2573 mutentque
955 2489 1097 2573 speciem
1113 2488 1291 2551 ornationis
1314 2489 1349 2551 in
1371 2487 1487 2552 fronte.

345 2590 525 2656 secundum
547 2611 585 2652 ea
606 2588 677 2653 loca
698 2610 853 2651 versurae
875 2597 951 2651 sunt
973 2598 1211 2675 procurrentes,
1235 2611 1317 2674 quae
1341 2589 1488 2654 efficiunt

343 2716 409 2758 una
441 2715 461 2755 a
494 2692 580 2774 foro,
613 2690 716 2753 altera
737 2711 758 2752 a
780 2710 914 2775 peregre
946 2690 1056 2753 aditus
1089 2691 1124 2752 in
1156 2712 1317 2754 scaenam.
1366 2714 1486 2775 genera
1505 2708 1571 2759 v111

343 2805 452 2859 autem
474 2804 551 2858 sunt
563 2815 754 2856 scaenarum
771 2792 844 2873 tria,
868 2813 970 2854 unum
992 2791 1079 2877 quod
1103 2791 1224 2854 dicitur
1246 2793 1417 2876 tragicum,
1440 2792 1486 2856 al·
1505 2812 1538 2859 20

344 2909 448 2963 terum
477 2898 652 2978 comicum,
681 2895 813 2958 tertium
840 2894 1028 2979 satyricum.
1078 2891 1193 2957 horum
1221 2902 1330 2957 autem
1353 2904 1486 2959 ornatus

343 3009 419 3064 sunt
440 3001 527 3062 inter
548 3020 583 3061 sc
606 2996 760 3061 dissimili
782 2995 970 3081 disparique
992 2997 1128 3081 ratiope,
1153 2995 1240 3081 quod
1264 2997 1407 3079 tragicae
1429 2996 1484 3059 de-

342 3102 524 3167 formantur
551 3098 709 3164 eolumnis
739 3107 771 3161 et
803 3097 945 3181 fastigiis
975 3107 1007 3160 et
1034 3098 1138 3181 signis
1166 3096 1365 3182 reliquisque
1391 3119 1484 3182 rega-

342 3204 428 3269 libus
443 3202 554 3284 rebus,
578 3202 721 3265 comicae
743 3208 853 3263 autem
874 3198 1098 3263 aedificiorum
1120 3200 1323 3286 privatorum
1345 3208 1377 3263 et
1399 3221 1484 3263 mae-

341 3308 515 3369 nianorum
541 3303 663 3367 habent
689 3303 833 3388 speciem
854 3311 1111 3389 prospectusque
1133 3301 1285 3364 fenestris
1309 3302 1484 3389 dispositos
1503 3323 1535 3369 25

342 3406 525 3485 imitatione
540 3405 760 3469 communium
774 3402 996 3468 aedificiorum
1011 3403 1209 3485 rationibus,
1231 3404 1391 3489 satyricae
1407 3427 1485 3468 vero

342 3517 499 3573 ornantur
514 3506 685 3570 arboribus
707 3504 868 3591 speluncis
890 3505 1056 3569 montibus
1079 3504 1279 3593 reliquisque
1300 3507 1484 3590 agrestibus

341 3610 438 3674 rebus
462 3611 497 3671 in
517 3608 650 3694 topiarii
672 3607 814 3694 speciem
836 3606 1037 3670 deformatis.

248 3722 321 3786 (vll)
427 3713 467 3776 In
482 3709 683 3775 Graecorum
703 3709 839 3773 theatris
862 3730 927 3772 non
948 3710 1057 3772 omnia
1078 3708 1183 3773 isdem
1204 3710 1387 3775 rationibus
1411 3719 1487 3775 sunt

412 3920 424 3967 l
443 3917 683 3970 diazomataJoc.:
702 3916 858 3965 diazumata
878 3916 936 3969 GH.
954 3911 997 3981 {13
1017 3916 1051 3965 ab
1066 3915 1224 3981 symmetria
1239 3917 1289 3965 GH
1307 3915 1350 3977 (L,
1369 3917 1484 3980 adsym-

341 4004 441 4054 metria
460 4000 505 4067 lc).
531 3998 548 4068 ll
572 4001 728 4051 5defuerit
746 4000 829 4054 Man:
853 4001 943 4049 —rint
962 4000 1021 4051 GH.
1044 3996 1057 4066 ss
1080 4002 1112 4049 10
1130 4001 1284 4064 explicatas
1297 4001 1349 4049 cd:
1370 4000 1484 4065 explici-

340 4094 385 4140 tas
407 4088 465 4139 GH.
487 4082 500 4151 ΙΙ
524 4089 555 4136 13
572 4086 712 4151 periaotus
733 4087 783 4135 GH
801 4083 844 4149 (lc,
863 4083 1021 4149 perliactus
1041 4084 1085 4148 L).
1102 4081 1114 4149 Η
1131 4085 1164 4132 14
1181 4084 1306 4147 trigonoe
1325 4083 1415 4133 Selia:
1435 4086 1482 4134 tri-

340 4188 427 4237 genas
449 4172 478 4231 G,
496 4172 620 4234 trigenos
638 4172 666 4219 H
684 4168 764 4234 (Ide),
784 4167 796 4236 ΙΙ
817 4170 944 4233 singulae
962 4170 1047 4222 Man:
1066 4167 1208 4232 insingula
1227 4168 1278 4216 GH
1296 4166 1368 4230 (sort.
1387 4168 1416 4217 in
1429 4169 1483 4219 sin-

340 4257 407 4321 gula
422 4255 537 4317 latera).
562 4252 574 4320 11
598 4257 630 4305 15
648 4255 853 4317 ornationisque
870 4262 928 4304 ante
946 4270 1015 4304 corr.
1036 4253 1070 4303 G‘:
1089 4252 1299 4314 ornationesque
1319 4253 1347 4300 H
1365 4248 1445 4316 (Llc),
1467 4249 1479 4317 ll

339 4341 506 4407 mutationes
526 4340 547 4389 G
568 4336 630 4405 (L]:
649 4339 810 4388 mutationis
828 4339 858 4387 H
873 4333 936 4401 (ch).
961 4333 973 4403 ΙΙ
999 4341 1030 4387 17
1048 4332 1257 4401 repentinislea
1279 4340 1425 4386 versentur
1450 4339 1481 4403 G,

340 4424 528 4493 relpentinise
552 4427 715 4473 aversentur
732 4424 761 4471 H
784 4421 829 4485 (lc,
854 4424 1007 4487 repentinis
1030 4425 1193 4471 aversentur
1209 4419 1269 4494 L).¹
1292 4436 1325 4469 ea
1350 4419 1395 4483 (cx
1410 4421 1483 4484 falsa

340 4513 501 4561 distinctione
519 4527 541 4558 v.
556 4512 588 4558 15
605 4509 817 4571 ornationesque
828 4544 833 4555 .
846 4522 907 4556 curn
921 4543 926 4554 .
939 4543 944 4553 .
958 4503 1080 4569 additum)
1095 4507 1143 4553 del.
1159 4506 1199 4555 ed.
1215 4500 1227 4569 ll
1243 4505 1272 4553 in
1285 4504 1375 4554 fronte
1389 4507 1481 4556 Pena:

339 4598 368 4645 in
386 4597 492 4645 frontes
512 4594 569 4643 GH.
593 4590 606 4659 ΙΙ
630 4596 661 4642 lt)
684 4607 785 4657 apgere
805 4593 835 4641 G.
858 4587 870 4657 [l
897 4592 1012 4654 inscan't
1029 4590 1167 4652 disposuit
1186 4590 1207 4638 G
1225 4587 1309 4653 (prius
1327 4591 1376 4640 del.
1398 4588 1453 4653 60).
1468 4587 1480 4654 ll

339 4681 372 4729 25
389 4683 553 4744 prospectus
571 4680 611 4728 ed.
635 4680 711 4727 Vena
730 4676 869 4740 profectus
889 4675 946 4724 GH.
975 4669 987 4738 {l
1014 4676 1047 4724 28
1070 4674 1098 4721 in
1121 4674 1222 4737 topiari
1246 4672 1346 4738 (operis
1368 4675 1424 4726 Joc.
1443 4675 1480 4739 cs.

339 4764 406 4813 Plin.
428 4766 471 4824 35,
490 4762 564 4825 116):
582 4761 724 4825 intepeodi
744 4761 801 4810 GH.
826 4756 839 4825 ΙΙ
861 4758 1022 4808 deformatis
1039 4759 1108 4808 doc:
1127 4758 1185 4807 -ti
1204 4758 1261 4808 GH.
