3984 5825
441 621 504 686 224
932 636 1089 684 vrrnuvn

442 814 529 855 mum
552 802 697 854 centrum
719 789 871 854 habuerit
888 789 1025 854 celerius
1040 791 1213 876 pervagari
1235 811 1382 877 quaeque
1403 799 1588 855 extremum

441 893 553 958 orbem
568 904 658 957 rotae
673 903 820 979 peragat,
844 893 972 955 etiamsi
986 913 1091 978 aeque
1112 890 1260 955 celeriter
1274 891 1429 976 ambulet,
1453 901 1588 980 propter

440 995 701 1079 magnitudinem
729 994 949 1058 circinationis
977 992 1080 1057 multo
1106 992 1233 1057 tardius
1259 995 1414 1081 perficere
1443 1016 1587 1058 cursum.

441 1094 591 1161 similiter
613 1107 704 1160 astra
725 1096 863 1159 nitentia
887 1103 1001 1159 eontra
1022 1096 1136 1159 mundi
1163 1117 1294 1159 cursum
1321 1097 1389 1160 suis
1410 1095 1588 1160 itineribus

406 1199 613 1285 sperficiunt
650 1199 838 1278 circuitum,
872 1195 930 1260 sed
964 1195 1048 1261 caeli
1072 1198 1258 1262 versatione
1289 1196 1588 1262 redundationibus

440 1298 628 1363 referuntur
649 1300 814 1363 cotidiana
835 1299 991 1386 temporis
1015 1298 1270 1364 circumlatione.

525 1400 610 1465 Esse
624 1411 733 1465 autem
747 1399 829 1465 alias
850 1398 961 1463 stellas
982 1409 1179 1487 temperatas
1194 1399 1275 1465 alias
1290 1400 1457 1466 ferventes
1473 1402 1588 1466 etiam·
1607 1413 1636 1462 16

440 1525 503 1589 que
529 1501 669 1587 frigidas
697 1502 777 1566 haec
805 1523 877 1566 esse
905 1523 1004 1566 causa
1031 1502 1163 1567 videtur
1190 1502 1278 1590 quod
1305 1504 1410 1568 omnis
1438 1504 1530 1588 ignis
1553 1505 1588 1567 in

440 1605 608 1694 superiora
630 1603 701 1668 loca
722 1603 822 1668 habet
843 1595 1053 1668 scandentem
1075 1604 1247 1670 flammam.
1285 1627 1362 1690 ergo
1383 1603 1433 1670 sol
1453 1605 1589 1669 aethera

391 1722 421 1773 10
440 1708 496 1793 qui
520 1716 570 1771 est
591 1729 690 1793 supra
712 1727 747 1770 se
769 1704 871 1769 radiis
894 1727 1035 1770 exurens
1058 1706 1159 1770 efficit
1181 1707 1384 1790 candentem,
1405 1710 1443 1772 in
1465 1707 1588 1794 quibus

440 1807 520 1873 locis
544 1808 644 1872 habet
665 1830 796 1872 cursum
818 1808 936 1871 Martis
959 1806 1070 1889 stella,
1099 1809 1210 1895 itaque
1237 1809 1369 1873 fervens
1396 1809 1441 1872 ab
1468 1808 1588 1875 ardore

439 1909 517 1974 solis
545 1909 696 1974 efficitur.
746 1910 878 1974 Saturni
911 1919 1020 1973 autem
1053 1909 1140 1995 quod
1174 1920 1224 1974 est
1257 1913 1408 1999 proxima
1429 1919 1588 1976 ‘extremo

438 2012 560 2077 mundo
582 2013 753 2098 tangitque
783 2009 969 2095 congelatas
997 2008 1079 2073 caeli
1106 2012 1272 2096 regiones,
1301 2012 1516 2077 vehementer
1539 2022 1589 2077 est

438 2114 573 2199 frigida.
618 2137 660 2177 ex
683 2135 720 2178 eo
743 2113 833 2178 Iovis
863 2134 936 2175 cum
964 2113 1049 2176 inter
1070 2114 1240 2199 utriusque
1263 2114 1506 2179 circumitiones
1529 2114 1586 2178 ha-

389 2231 420 2279 15
437 2217 514 2281 beat
543 2239 688 2299 cursum,
717 2238 737 2278 a
759 2214 1007 2299 refrigeratione
1033 2211 1205 2300 caloreque
1233 2237 1345 2278 earum
1366 2215 1479 2279 medio
1510 2238 1586 2280 con·

438 2318 605 2380 venientes
628 2317 980 2403 temperatissimosque
1003 2314 1124 2379 habere
1146 2315 1276 2380 videtur
1298 2317 1445 2382 effectus.

521 2419 574 2481 De
602 2440 684 2482 zona
718 2436 769 2481 ΧΠ
802 2418 969 2502 signorum
1002 2427 1046 2509 et·
1066 2427 1191 2504 septem
1223 2428 1385 2483 astrorum
1419 2420 1587 2484 contrario

437 2540 534 2606 opere
559 2541 598 2583 ac
625 2542 739 2601 cursu,
774 2520 892 2606 quibus
925 2517 1107 2583 rationibus
1137 2528 1170 2583 et
1196 2521 1339 2584 numeris
1367 2530 1542 2585 transeant
1569 2542 1587 2583 e

436 2622 541 2706 signis
563 2623 598 2685 in
621 2623 716 2706 signa
739 2632 771 2686 et
793 2622 964 2685 circuitum
993 2642 1104 2684 eorum
1125 2621 1175 2685 uti
1197 2643 1217 2684 a
1237 2622 1509 2709 praeceptoribus
1533 2645 1586 2686 ac-

385 2739 418 2787 20
436 2725 509 2809 cepi
533 2724 680 2810 exposui.
716 2725 811 2786 ‘nunc
834 2723 874 2787 de
896 2723 1058 2786 crescenti
1079 2721 1201 2786 lumine
1222 2721 1318 2787 lunae
1340 2722 1586 2789 deminutione-

436 2825 571 2913 quenti
593 2825 751 2889 traditum
774 2835 823 2888 est
844 2823 939 2889 nobis
961 2846 982 2887 a
1002 2824 1181 2888 maioribus
1203 2823 1321 2889 dicam.

520 2927 661 2991 Berosus
683 2928 739 3013 qui
760 2928 802 2992 ab
825 2925 1063 2992 Chaldaeorum
1091 2928 1226 2991 civitate
1252 2929 1324 2991 sive
1350 2928 1486 2994 natione
1509 2945 1651 3014 pro-(11)

434 3051 566 3114 gressus
589 3032 625 3093 in
646 3030 731 3093 Asia
752 3030 849 3092 etiam
873 3028 1080 3115 disciplinam
1103 3026 1315 3093 Chaldaicam
1336 3030 1514 3115 patefecit,
1538 3031 1586 3093 ita

434 3142 483 3195 est
504 3131 671 3218 professus
694 3130 794 3217 pilam
816 3152 888 3194 esse
910 3152 952 3193 ex
967 3130 1104 3193 dimidia
1118 3139 1211 3217 parte
1224 3130 1431 3213 candentem,
1453 3129 1587 3218 reliqua

383 3232 554 3296 rehabere
577 3231 725 3297 caeruleo
747 3230 864 3298 colore.
909 3254 982 3295 cum
1005 3241 1114 3295 autem
1136 3253 1265 3295 cursum
1287 3233 1416 3298 itineris
1440 3233 1494 3297 sui
1509 3254 1584 3319 per-

432 3355 532 3417 agens
556 3334 694 3398 subierit
721 3334 781 3398 sub
804 3333 915 3398 orbem
943 3332 1038 3415 solis,
1067 3343 1145 3397 tunc
1173 3355 1244 3397 eam
1271 3334 1374 3400 radiis
1398 3344 1432 3398 et
1452 3336 1585 3422 impetu

432 3434 550 3498 caloris
579 3437 697 3521 corripi
726 3438 938 3521 convertique
966 3434 1157 3499 candentem
1184 3444 1318 3523 propter
1339 3436 1409 3500 eius
1432 3438 1583 3523 proprie-

431 3543 532 3596 tatem
554 3534 688 3597 luminis
710 3536 754 3598 ad
775 3536 893 3600 lumen.
938 3559 1012 3601 cum
1037 3546 1146 3601 autem
1173 3547 1309 3603 evocata
1336 3535 1380 3601 ab
1402 3535 1485 3602 solis
1509 3537 1583 3602 orbi

432 3636 599 3721 superiora
621 3645 758 3723 spectet,
780 3646 858 3701 tune
880 3639 1067 3702 inferiorem
1088 3648 1215 3724 partem
1237 3640 1307 3703 eius
1329 3637 1421 3725 quod
1435 3637 1581 3703 candens

498 3932 662 3995 tparagat:
689 3931 727 3979 sie
744 3928 831 3980 EGH.
855 3927 867 3996 ΙΙ
894 3933 910 3981 6
934 3929 1117 3981 circulatione
1137 3932 1198 3991 GH,
1217 3929 1443 3997 circumllatione
1466 3929 1502 3979 Ε.
1527 3926 1540 3996 ll
1563 3930 1580 3981 8

431 4015 467 4079 (et
486 4014 528 4079 12)
548 4013 633 4077 quod:
653 4015 718 4077 quia
736 4013 770 4063 Ε.
790 4012 803 4079 Η
827 4018 859 4065 10
877 4014 965 4065 efficit
983 4015 1032 4065 EG
1049 4014 1115 4078 (cb):
1135 4014 1230 4065 effecit
1246 4017 1279 4066 H
1294 4012 1359 4079 (LI).
1382 4011 1394 4080 ΙΙ
1420 4017 1579 4080 1311111ςί1-

430 4100 570 4162 quadan:
598 4100 689 4162 tangit
714 4097 817 4162 (cong.)
844 4100 929 4149 EGH.
953 4099 965 4165 ΙΙ
988 4105 1031 4149 est
1053 4116 1100 4168 qm.
1119 4100 1149 4151 G.
1170 4094 1182 4165 ΙΙ
1208 4101 1240 4150 14
1263 4100 1369 4151 habeat
1390 4100 1462 4155 λοσε
1490 4100 1580 4150 habet

428 4180 515 4234 EGH.
532 4179 544 4247 ΙΙ
562 4185 593 4233 15
613 4197 707 4233 earum
725 4184 810 4234 Man:
830 4195 923 4232 eorum
935 4183 1021 4233 ΕΘΗ.
1039 4180 1050 4250 ΙΙ
1069 4186 1099 4234 17
1111 4184 1178 4233 x11:
1196 4184 1329 4236 aicEGH.
1347 4181 1360 4251 Η
1377 4187 1410 4235 18
1429 4189 1580 4235 transeunt

430 4268 524 4329 (-ant
535 4267 618 4331 Rode)
638 4268 741 4332 esignis
753 4267 810 4326 Eu,
828 4272 988 4317 transeunte
1006 4268 1093 4333 signis
1111 4269 1140 4317 H
1152 4270 1204 4331 (LI,
1223 4274 1371 4319 transeunt
1387 4270 1479 4335 signis
1492 4269 1544 4335 cl).
1560 4268 1576 4336 ll

430 4352 462 4399 19
480 4351 508 4398 in
528 4352 622 4415 signa:
642 4352 763 4416 insignia
780 4356 812 4402 Ie.
828 4349 841 4418 ΙΙ
856 4353 889 4401 22
908 4352 943 4401 ab
963 4350 1292 4417 chal(cal-Ed)de0rum:
1310 4357 1349 4403 sie
1365 4353 1455 4403 EGH.
1472 4350 1485 4420 ΙΙ
1502 4354 1580 4405 sive:

428 4436 466 4482 sie
483 4434 570 4483 EGH.
591 4433 603 4500 ll
626 4438 658 4486 23
677 4437 738 4485 asia
756 4437 785 4486 H
803 4437 886 4501 (Llc):
904 4438 992 4487 asiam
1011 4436 1067 4486 EG.
1084 4432 1097 4503 ll
1114 4437 1305 4488 chaldaeicam
1322 4439 1352 4487 H
1369 4434 1414 4502 (L,
1432 4438 1581 4489 —deioam

427 4515 471 4579 Ic),
491 4517 641 4568 caldeicam
660 4519 718 4571 EG.
736 4517 747 4587 Η
763 4523 796 4571 26
814 4522 931 4572 subierit
942 4521 1034 4572 Sella:
1053 4522 1160 4572 subiret
1177 4521 1264 4575 ΕΘΗ.
1280 4518 1293 4586 ΙΙ
1308 4524 1341 4572 28
1360 4528 1482 4573 evocata
1503 4523 1578 4573 loa:

427 4615 461 4648 ea
481 4606 578 4651 vocata
590 4602 675 4653 EGH.
692 4601 704 4669 ll
721 4605 756 4654 ab
775 4604 841 4656 solis
858 4606 918 4657 orbi
935 4623 982 4671 eqo
1001 4605 1047 4670 (ef.
1061 4608 1131 4657 Neue
1143 4606 1165 4667 I,
1178 4607 1254 4669 225):
1274 4606 1309 4655 ad
1327 4606 1395 4656 solis
1408 4608 1485 4658 orbis
1496 4608 1583 4659 EGH

428 4680 519 4742 (orbes
536 4701 599 4743 rea,
613 4689 703 4738 orbem
723 4689 820 4753 Solea).
836 4688 849 4756 Η
864 4694 897 4742 29
915 4696 1025 4756 spectet
1042 4693 1097 4743 ert:
1116 4698 1243 4759 spectent
1259 4691 1347 4744 EGH.
1364 4689 1377 4759 l}
1394 4694 1485 4757 eiusq:
1506 4694 1541 4746 E.
