3984 5825
709 692 756 749 ns
778 701 1045 750 assumserunt
1068 693 1136 750 nis.
1161 694 1183 751 1.
1476 668 1516 752 19‘

372 865 404 919 et
426 854 557 942 pabulo,
580 855 627 918 ibi
650 855 890 919 constituebant
912 856 1120 938 munitiones,
1145 857 1173 918 si
1195 864 1302 920 autem
1325 857 1445 920 vitiosa
1467 858 1515 921 in-

310 1030 317 1039 .
371 956 565 1039 veniebant,
594 956 752 1019 iudicium
780 956 1020 1020 transferebant
1047 958 1126 1020 item
1153 956 1302 1021 humanis
1326 958 1515 1044 corporibus

371 1058 579 1145 pestilentem
592 1057 737 1121 futuram
751 1069 939 1122 nascentem
961 1058 995 1121 in
1018 1058 1068 1122 his
1091 1056 1177 1121 locis·
1192 1080 1295 1144 aquae
1319 1058 1448 1145 cibique
1463 1081 1515 1123 co-

371 1162 475 1249 piam,
507 1169 539 1223 et
567 1161 612 1223 ita
640 1159 918 1245 transmigrabant
943 1168 975 1222 et
996 1159 1166 1224 mutabant
1187 1161 1337 1244 regiones
1361 1182 1514 1247 quaeren-

321 1276 352 1323 10
370 1273 419 1327 tes
442 1261 591 1325 omnibus
614 1260 711 1325 rebus
735 1260 970 1326 salubritatem.
1014 1261 1076 1325 hoe
1096 1269 1205 1324 autem
1232 1260 1303 1324 fieri
1324 1261 1374 1325 uti
1396 1261 1549 1349 pabulos

372 1363 508 1449 ciboque
530 1360 676 1426 salubres
698 1364 913 1449 proprietates
935 1372 1042 1426 terrae
1064 1361 1248 1444 videantur,
1272 1361 1348 1426 lieet
1369 1363 1514 1427 animad-

370 1475 497 1529 vertere
530 1474 562 1528 et
596 1485 791 1548 cognoscere
820 1485 862 1555 ex
890 1465 979 1548 agris
1008 1463 1213 1527 Cretensium
1241 1464 1298 1549 qui
1326 1476 1401 1529 sunt
1428 1466 1516 1528 circa

369 1565 565 1631 Pothereum
598 1565 720 1628 flumen
730 1615 740 1648 ,
780 1565 867 1650 quod
899 1574 949 1629 est
981 1565 1099 1629 Cretae
1131 1566 1216 1628 inter
1249 1564 1330 1628 duas
1364 1567 1514 1630 civitates

277 1669 280 1673 ’
371 1667 507 1734 Gnoson
529 1677 561 1730 et
584 1665 776 1754 Gortynam.
821 1666 938 1730 dextra
960 1668 1048 1729 enim
1071 1677 1103 1730 et
1125 1667 1257 1730 sinistra
1280 1667 1348 1730 eius
1370 1666 1515 1732 fluminis

370 1778 546 1855 pascuntur
567 1789 700 1855 pecora,
730 1767 789 1832 sed
812 1790 854 1831 ex
875 1766 927 1831 his
950 1789 1033 1854 quae
1055 1776 1233 1853 pascuntur
1253 1768 1402 1854 proxime
1425 1767 1565 1833 Gne-10

370 1893 429 1934 son
455 1868 580 1934 lienosa
601 1879 693 1953 sunt,
723 1891 805 1956 quae
827 1877 935 1932 autern
958 1890 1001 1932 ex
1021 1868 1123 1932 altera
1145 1877 1237 1954 parte
1258 1869 1408 1954 proxime
1430 1868 1513 1933 Gor-

369 1981 497 2057 tynam,
520 1993 587 2034 non
601 1969 722 2035 habent
737 1967 948 2058 apparentem
963 1970 1120 2058 splenem.
1164 1969 1252 2034 unde
1273 1970 1370 2033 etiam
1393 1970 1514 2034 medici

370 2081 560 2158 quaerentes
584 2071 625 2135 de
648 2095 686 2135 ea
709 2094 743 2135 re
765 2074 961 2136 invenerunt
988 2074 1025 2136 in
1053 2071 1104 2135 his
1132 2070 1212 2135 locis
1235 2069 1386 2156 herbam,
1415 2094 1513 2158 quam

368 2195 486 2259 pecora
513 2172 658 2238 rodendo
686 2175 908 2238 inminuerunt
934 2174 1047 2238 lienes.
1098 2173 1144 2237 ita
1173 2194 1244 2236 eam
1265 2172 1400 2236 herbam
1423 2172 1511 2238 colli-

367 2274 475 2360 gendo
504 2285 618 2339 curant
644 2273 786 2339 lienosos
814 2275 875 2339 hoe
903 2276 1159 2356 medicamento,
1194 2274 1281 2360 quod
1309 2276 1406 2338 etiam
1434 2274 1511 2338 Cre·
1532 2289 1563 2338 15

367 2387 474 2442 tenses
491 2380 665 2461 ασπληνον
681 2377 838 2441 vocitant.
883 2399 984 2442 exeo
1007 2377 1084 2441 licet
1107 2378 1191 2439 scire
1214 2376 1286 2441 cibo
1309 2385 1407 2461 atque
1428 2398 1512 2462 aqua

368 2480 581 2565 proprietates
597 2477 740 2543 locorum
755 2476 948 2543 naturaliter
969 2477 1159 2567 pestilentes
1180 2487 1237 2541 aut
1259 2474 1407 2542 salubres
1430 2499 1511 2542 esse.

318 2596 347 2643 11
452 2579 537 2644 Item
559 2581 588 2643 si
608 2582 644 2644 in
664 2579 839 2667 paludibus
862 2584 990 2645 moenia
1013 2583 1190 2645 constituta
1213 2589 1322 2663 erunt,
1352 2600 1435 2664 quae
1457 2601 1511 2665 pa-

367 2679 460 2745 ludes
490 2680 667 2745 seeundum
695 2704 784 2745 mare
805 2681 944 2765 fuerint,
974 2680 1232 2769 spectabuntque
1254 2680 1297 2743 ad
1320 2681 1510 2766 septentrio-

367 2805 441 2845 nem
474 2794 530 2848 aut
562 2786 648 2848 inter
675 2785 930 2871 septentrionem
958 2795 990 2847 et
1019 2784 1192 2865 orientem,
1228 2804 1348 2868 eaeque
1375 2780 1510 2869 paludes
1530 2800 1562 2849 20

368 2883 563 2952 excelsiores
591 2885 714 2949 fuerint
737 2907 833 2972 quam
856 2883 932 2949 litus
955 2885 1133 2967 marinum,
1162 2884 1287 2947 ratione
1310 2883 1512 2949 videbuntur

369 3009 440 3052 esse
468 2990 653 3052 constituta.
703 2987 802 3051 fossis
830 2988 917 3050 enim
945 2986 1053 3050 ductis
1082 2985 1119 3047 fit
1146 3005 1248 3069 aquae
1277 2986 1385 3048 exitus
1402 2986 1450 3055 ad
1472 2984 1509 3047 li-

367 3100 437 3170 tus,
462 3099 494 3153 et
509 3090 592 3151 mari
607 3087 856 3174 tempestatibus
872 3098 967 3154 aneto
990 3089 1025 3151 in
1046 3084 1181 3174 paludes
1205 3083 1421 3147 redundantia
1443 3107 1510 3149 mo-

367 3190 511 3254 tionibus
534 3192 715 3255 concitatur
735 3191 901 3276 amarique
923 3187 1137 3255 mixtionibus
1159 3207 1225 3250 non
1246 3186 1369 3272 patitur
1390 3186 1509 3250 bestia-

367 3314 439 3355 rum
465 3290 657 3378 palustrium
685 3312 805 3375 genera
833 3292 881 3355 ibi
908 3289 1015 3386 nasei,
1044 3309 1190 3375 quaeque
1217 3285 1258 3351 de
1286 3287 1509 3373 superioribus
1528 3304 1561 3353 25

435 3519 451 3565 2
468 3516 600 3565 iudicium
617 3515 827 3565 transferebant
844 3514 911 3563 item
930 3514 1009 3575 (item
1022 3514 1051 3562 in
1062 3511 1170 3577 Baetra.)
1190 3512 1317 3562 humanis
1328 3527 1386 3577 epo:
1407 3511 1509 3563 iudicio

367 3601 580 3655 transferebant.
616 3599 693 3650 Idem
711 3598 884 3649 inhumanis
904 3597 962 3649 GH.
986 3594 999 3664 ΙΙ
1022 3598 1211 3663 8potherenm
1231 3595 1293 3660 (-i1
1308 3597 1353 3661 G):
1372 3598 1410 3646 sie
1423 3597 1481 3647 GH.
1495 3597 1506 3661 ll

368 3684 504 3749 9eorty(1
518 3684 615 3749 G)nam
636 3685 693 3734 GH.
722 3681 734 3749 {l
764 3687 795 3733 10
813 3682 935 3748 proxime
955 3682 976 3732 G
994 3680 1049 3745 (lc),
1069 3684 1209 3747 proximae
1236 3682 1265 3731 H
1290 3682 1365 3744 (ande
1386 3682 1510 3745 proxima

367 3768 411 3829 L).
423 3765 435 3834 l}
448 3784 553 3833 gnoson
570 3784 595 3817 ει
613 3784 684 3832 quae
705 3773 796 3817 autem
815 3768 842 3815 H
860 3762 976 3829 (gnoson
994 3782 1027 3820 ει,
1047 3782 1098 3831 que
1116 3782 1141 3815 a.
1160 3768 1176 3823 l,
1195 3780 1309 3831 gnoson.
1329 3779 1400 3828 quae
1420 3782 1444 3816 a.
1463 3764 1508 3829 L),

369 3863 481 3933 gnoson.
500 3884 525 3918 s1
544 3885 595 3933 que
615 3854 663 3918 aut
682 3869 704 3919 G
726 3867 852 3932 (lacunam
874 3870 1041 3931 expleverunt
1059 3873 1175 3918 recentes
1190 3883 1241 3930 pro
1264 3882 1289 3916 sr
1306 3874 1428 3931 corrupto
1445 3870 1508 3916 reale

366 3953 506 4003 scribentes
519 3952 644 4017 splenem
655 3953 768 4016 habent,
780 3956 866 4003 metius
877 3954 923 4002 atii
934 3952 1088 4017 splenetiea
1101 3955 1172 4004 sunt.
1189 3952 1304 4014 fortasse
1314 3951 1422 4000 lienosa
1436 3955 1508 4011 sunt,

367 4045 394 4086 ut
420 4037 445 4086 si
466 4039 500 4086 sit
524 4054 574 4102 pre
597 4043 751 4101 st=sunt,
781 4045 807 4086 et
830 4045 941 4102 propter
961 4039 1121 4101 praecedens
1149 4052 1268 4086 -noson
1295 4038 1409 4086 omissum
1428 4035 1511 4097 faerit

367 4154 497 4221 lienosa).
519 4152 533 4223 ll
561 4161 592 4206 11
609 4173 731 4223 proxime
749 4163 807 4205 ante
825 4171 894 4205 corr.
913 4125 1015 4221 (ηυξ)
1036 4157 1073 4205 Gr·
1089 4170 1214 4220 proxrma
1233 4155 1261 4202 H
1272 4152 1387 4217 (G⁶Ll⁶).
1400 4148 1412 4218 ll
1425 4153 1509 4202 corti·

366 4256 430 4290 nam
450 4241 478 4299 G,
498 4244 611 4305 cortyna
628 4243 657 4291 H
675 4240 723 4306 (L,
743 4241 849 4291 eortina
867 4237 910 4305 le).
934 4237 946 4306 Η
975 4242 1007 4289 14
1025 4240 1144 4290 rodendo
1167 4242 1207 4290 ed.
1227 4237 1315 4302 (realt
1341 4236 1461 4286 radendo
1480 4238 1509 4285 H

368 4325 437 4389 (Llc)
456 4334 482 4375 et
498 4334 558 4376 ante
576 4342 645 4376 corr.
667 4326 688 4375 G
708 4324 839 4387 (radendo
859 4324 913 4388 Gc).
925 4321 937 4391 ss
949 4326 1148 4375 inminuerunt:
1167 4327 1204 4373 sic
1224 4324 1280 4373 GH.
1303 4319 1314 4386 ll
1338 4322 1370 4370 15
1388 4320 1508 4371 lienosos
1533 4336 1536 4342 ·

368 4409 467 4475 G(L),
485 4411 609 4462 lienosus
627 4412 657 4459 H
679 4409 716 4473 (et
733 4417 792 4460 ente
810 4426 878 4459 corr.
898 4414 918 4470 I,
943 4409 1064 4460 lienosos
1082 4409 1138 4472 tce).
1167 4406 1179 4472 ΙΙ
1209 4409 1238 4456 16
1262 4405 1394 4469 asplenon
1414 4405 1472 4456 GH.
1492 4404 1506 4473 ll

367 4498 400 4545 20
419 4512 526 4560 eaeque
546 4498 596 4546 GH
616 4493 660 4558 (tc,
678 4494 786 4558 haeque
799 4492 844 4559 L).
865 4491 878 4561 ll
898 4496 930 4543 22
949 4493 980 4542 fit
1000 4495 1034 4543 G:
1053 4510 1099 4544 orn.
1118 4494 1147 4541 H
1165 4490 1244 4555 (Llc).
1258 4486 1269 4555 Η
1283 4505 1352 4554 aqnq
1373 4488 1442 4552 G(t),
1464 4507 1508 4557 aq3

366 4582 397 4629 H
409 4580 441 4645 (c,
457 4597 530 4645 aqua
542 4582 586 4644 L).
610 4581 622 4649 ΙΙ
645 4585 678 4633 23
690 4583 761 4632 mari
775 4583 808 4631 G:
828 4597 903 4630 mare
921 4581 949 4629 H
963 4577 1041 4642 (Llc).
1054 4574 1067 4643 {l
1077 4574 1194 4641 paludes
1209 4575 1242 4624 G:
1264 4573 1341 4625 —drs
1359 4575 1387 4623 H
1398 4574 1478 4639 (Ltc),
1493 4572 1505 4638 Η

366 4672 400 4720 24
418 4672 574 4720 concitatur
587 4667 665 4734 (doe.)
684 4668 826 4731 amarique
845 4665 929 4728 (Lar,
949 4663 1104 4725 amarisque
1123 4659 1205 4724 deal:
1226 4660 1367 4709 concitata
1385 4662 1507 4723 marique

368 4755 396 4801 H
409 4754 489 4819 (hle),
510 4755 652 4803 concitata
670 4754 807 4815 marisque
828 4752 857 4800 G.
881 4746 893 4814 ll
913 4750 946 4797 ‘25
963 4746 1126 4811 plaustrium
1145 4752 1204 4795 trote
1222 4748 1291 4797 corr.
1311 4747 1338 4793 H
1352 4745 1397 4808 (c).

1261 4827 1306 4890 2ss
