3984 5825
325 698 366 764 66
815 697 974 748 vrrsuvn

326 877 379 930 tus
396 862 496 927 fuerit
517 860 652 945 supinus
674 855 825 919 manibus
847 862 880 916 et
901 851 1041 939 pedibus
1063 852 1173 937 pansis
1196 851 1374 936 circinique
1397 871 1470 913 con-

328 949 469 1028 locatum
497 969 645 1022 centrum
672 958 707 1020 in
734 955 889 1019 umbilico
917 954 1005 1034 eius,
1029 951 1285 1034 ,circumagendo
1317 949 1470 1013 rotunda-

327 1067 449 1130 tionem
464 1069 674 1145 utrarumque
688 1079 842 1122 manuum
864 1064 898 1119 et
918 1054 1039 1140 pedum
1061 1053 1159 1137 digiti
1178 1051 1265 1115 linea
1285 1061 1471 1135 tangentur.

328 1187 394 1230 non
421 1164 529 1226 minus
557 1158 832 1247 quemadmodum
859 1155 990 1220 schema
1016 1153 1252 1218 rotundationis
1280 1151 1471 1238 incorpore

295 1266 482 1345 sellicitur,
505 1264 584 1326 item
606 1262 766 1348 quadrata
788 1257 969 1342 designatio
991 1256 1026 1317 in
1049 1277 1086 1319 eo
1108 1255 1301 1318 invenietur.
1344 1275 1421 1316 nam
1444 1253 1470 1315 si

330 1391 351 1432 a
371 1366 512 1455 pedibus
540 1365 617 1427 imis
639 1364 682 1427 ad
704 1382 863 1428 summum
885 1365 981 1442 caput
1003 1376 1151 1418 mensum
1175 1358 1237 1419 erit
1259 1375 1361 1440 eaque
1382 1376 1470 1416 men-

331 1490 408 1533 sura
432 1466 538 1531 relata
563 1465 663 1531 fuerit
688 1464 731 1528 ad
757 1482 870 1526 manus
891 1477 1027 1542 pansas,
1055 1455 1243 1520 invenietur
1265 1454 1379 1519 eadem
1401 1453 1472 1518 lati·
1531 1523 1536 1529 ,

332 1570 412 1634 tudo
428 1570 478 1632 nti
492 1566 648 1648 altitudo,
670 1557 936 1651 quemadmodum
950 1577 1046 1619 areae
1060 1579 1144 1643 quae
1163 1557 1207 1621 ad
1228 1577 1375 1622 normam
1397 1565 1473 1620 sunt

333 1670 521 1757 quadratae.
566 1690 642 1752 ergo
664 1667 693 1729 si
714 1666 759 1728 ita
779 1669 894 1724 natura
916 1659 1099 1743 composuit
1121 1680 1237 1745 eorpus
1261 1658 1401 1722 hominis
1422 1659 1474 1721 uti
1490 1676 1524 1738 4,

285 1789 317 1837 ιο
334 1771 598 1859 proportionibus
613 1764 755 1830 membra
769 1759 811 1823 ad
826 1780 984 1821 summam
1001 1757 1229 1843 figurationem
1245 1759 1315 1824 eius
1337 1781 1472 1845 respon-

335 1875 450 1954 deant,
479 1895 552 1936 cum
579 1889 674 1932 eausa
699 1860 907 1927 constituisse
933 1859 1089 1925 videntur
1110 1863 1238 1947 antiqui
1258 1871 1295 1926 ut
1318 1862 1417 1924 etiam
1440 1861 1473 1923 in

335 1998 469 2062 operum
484 1965 733 2060 perfectionibus
755 1959 957 2044 singulorum
969 1963 1197 2064 'membrorum
1218 1962 1261 2026 ad
1283 1965 1473 2026 universam

334 2079 458 2161 figurae
472 2073 610 2160 speciem
630 2064 769 2129 habeant
790 2068 994 2126 commensus
1017 2066 1230 2128 exactionem.
1274 2065 1379 2149 igitur
1400 2085 1473 2126 cum
1530 2073 1535 2078 ’

336 2181 369 2241 in
384 2174 532 2238 omnibus
547 2165 696 2253 operibus
711 2160 841 2226 ordines
863 2162 1045 2246 traderent,
1068 2175 1138 2229 tum
1158 2166 1304 2229 maxime
1324 2166 1360 2228 in
1382 2163 1473 2226 aedi-

288 2299 317 2345 15
334 2280 395 2343 bus
417 2275 564 2350 deorum,
592 2285 727 2351 quorum
755 2285 888 2350 operum
915 2274 948 2328 et
975 2264 1088 2329 laudes
1117 2276 1149 2330 et
1177 2268 1293 2352 culpae
1319 2275 1474 2331 aeternae

334 2375 437 2442 solent
458 2386 654 2456 permanere.

415 2473 484 2536 Nec
497 2471 602 2532 minus
617 2487 840 2531 mensurarum
856 2469 1008 2550 rationes,
1032 2491 1115 2556 quae
1135 2471 1171 2534 in
1193 2468 1344 2536 omnibus
1367 2471 1507 2556 operi-a

332 2579 391 2642 bus
418 2572 570 2636 videntur
597 2571 799 2632 necessariae
827 2591 915 2652 esse,
950 2592 992 2633 ex
1020 2573 1164 2658 corporis
1190 2571 1347 2635 membris
1376 2570 1472 2636 colle-

331 2683 462 2763 gerunt,
489 2673 538 2736 uti
565 2669 704 2754 digitum
732 2670 880 2756 palmum·
904 2671 1021 2758 pedem
1044 2672 1203 2754 cubitum,
1228 2683 1260 2737 et
1283 2694 1338 2736 eas
1361 2671 1472 2735 distri·

282 2799 315 2846 20
332 2783 468 2842 buerunt
483 2771 710 2858 inperfectum
731 2794 916 2856 numerum,
940 2795 1036 2858 quem
1051 2773 1171 2838 Graeci
1192 2777 1323 2838 τελειον
1345 2773 1473 2853 dieunt,

331 2877 508 2969 perfectum
540 2881 649 2937 autem
676 2874 802 2961 antiqui
828 2877 1040 2940 instituerunt
1067 2896 1236 2939 numerum
1269 2876 1326 2961 qui
1358 2873 1473 2939 desem

333 2981 460 3047 dicitnr.
510 2997 649 3061 namque
672 2978 721 3059 ex)
741 2977 891 3041 manibus
919 2976 1095 3062 digitorum
1126 2998 1259 3066 numero
1291 2976 1334 3039 ab
1361 2975 1472 3061 palmo

332 3105 387 3171 pes
415 3087 464 3143 est
492 3078 657 3141 inventus.
708 3080 737 3141 si
762 3088 872 3142 autem
894 3080 928 3141 in
950 3080 1098 3163 utrisque
1121 3077 1237 3164 palmis
1259 3100 1301 3141 ex
1323 3076 1472 3141 articulis

331 3184 373 3250 ab
403 3188 519 3243 natura
545 3178 657 3262 decem
685 3189 761 3241 sunt
787 3179 942 3266 perfecti,
973 3182 1071 3243 etiam
1098 3179 1227 3243 Platoni
1254 3178 1378 3266 placuit
1400 3200 1472 3242 esse

281 3304 314 3353 25
332 3305 403 3351 eum
434 3300 602 3362 numerum
631 3300 669 3341 ea
700 3301 735 3341 re
763 3279 943 3364 perlectum
970 3281 1026 3364 qui
1053 3302 1096 3344 ex
1118 3280 1338 3363 singularibus
1360 3279 1471 3361 rebus,

330 3406 411 3474 quae
442 3380 586 3466 μοναᾶες
616 3378 704 3464 apud
732 3379 875 3446 Graecos
908 3380 1076 3463 dicuntur,
1111 3380 1276 3464 perficitur
1308 3380 1470 3445 decussis.

331 3537 554 3553 μ,-

397 3625 410 3672 1
428 3619 539 3685 supinus
557 3620 589 3667 H
604 3617 679 3683 (Gcl).
703 3615 715 3685 ΙΙ
737 3620 846 3684 spaneis
864 3620 897 3668 E.
921 3614 933 3685 ΙΙ
955 3622 971 3668 3
989 3623 1165 3683 utrarumque
1188 3635 1317 3669 manuum
1335 3619 1364 3670 H
1383 3618 1468 3684 (Llc):

330 3715 505 3769 utrarumque
528 3717 617 3752 rerum
639 3718 766 3752 mannum
789 3700 899 3765 (rerum.
918 3717 1046 3752 manuum
1064 3703 1101 3766 Ε)
1123 3703 1181 3757 EG.
1204 3700 1217 3769 ΙΙ
1243 3704 1387 3768 tingentur
1409 3711 1470 3753 ante

331 3808 398 3845 corr.
418 3790 447 3839 G.
468 3786 504 3851 (et
519 3789 584 3850 sort.
603 3788 634 3846 Ε,
653 3788 696 3837 ubi
713 3791 870 3852 tangentur,
887 3788 936 3837 sed
952 3802 969 3835 a
987 3793 1012 3836 et
1032 3802 1066 3836 en
1082 3788 1110 3836 in
1127 3787 1203 3853 raa).
1227 3785 1239 3853 ΙΙ
1259 3789 1278 3837 4
1296 3803 1411 3839 scaema
1432 3789 1470 3846 Η,

330 3889 422 3929 scema
439 3872 497 3926 EG.
526 3867 539 3937 ))
566 3873 677 3921 inam:
699 3885 816 3936 namque
834 3872 867 3921 E.
891 3867 904 3938 ΙΙ
931 3873 1081 3936 Ἰεριιιειιε
1098 3872 1128 3920 H
1150 3871 1211 3934 (cli).
1233 3868 1246 3937 ΙΙ
1273 3873 1306 3921 14
1324 3876 1383 3920 tum
1407 3874 1470 3926 add.

329 3960 403 4012 Selia.
422 3954 576 4017 (traderent
593 3955 710 4005 maxime
729 3955 764 4012 H,
784 3955 934 4005 traderent.
953 3955 1070 4005 maxime
1088 3955 1158 4016 EG).
1182 3951 1194 4021 ΙΙ
1224 3957 1255 4005 16
1274 3969 1388 4018 quorum
1407 3958 1469 4006 add.

330 4044 404 4096 Scan.
424 4037 548 4102 (deorum
566 4054 679 4104 operum
697 4039 782 4089 EGH.
806 4036 818 4104 ΙΙ
846 4043 874 4089 et
891 4037 987 4088 landes
1007 4042 1035 4088 et
1053 4038 1153 4103 culpae
1173 4038 1224 4087 GH
1241 4037 1300 4103 (tc):
1324 4043 1353 4089 et
1370 4038 1470 4089 laudes

330 4124 434 4188 sculpta
453 4123 478 4171 E
497 4121 532 4185 (dr
551 4122 650 4173 laudes
669 4123 828 4187 &sculptae
847 4123 890 4186 L).
915 4118 927 4186 ))
950 4122 982 4171 18
1000 4123 1176 4172 necessariae
1195 4122 1244 4172 EG
1262 4119 1322 4185 (L):
1347 4123 1424 4171 -ria
1441 4124 1471 4173 H

329 4206 382 4275 (lc).
406 4203 418 4271 ΙΙ
441 4206 615 4273 collegerunt
631 4208 699 4256 EH⁶
718 4206 775 4271 (L),
793 4206 959 4271 colligerent
979 4205 1000 4254 θ
1017 4211 1043 4255 et
1060 4212 1119 4256 ante
1142 4221 1209 4258 corr.
1230 4206 1259 4254 H
1282 4202 1471 4271 (collegnntur

328 4288 530 4354 tcolliguntur
547 4292 597 4355 cl).
621 4288 633 4357 ΙΙ
655 4293 689 4342 20
706 4291 799 4341 teleon
817 4289 903 4341 EGH.
932 4285 945 4353 ΙΙ
971 4291 1004 4337 22
1023 4304 1057 4338 ex
1078 4289 1411 4340 manibus-inventus:
1430 4293 1470 4340 sic

329 4374 414 4429 soli.
440 4369 453 4439 ΙΙ
479 4390 592 4425 numero
617 4392 664 4439 epo
694 4372 831 4437 (numerus
859 4375 898 4423 ed.
933 4370 996 4434 Fl.):
1032 4372 1146 4422 numeris
1177 4371 1237 4436 (per
1263 4373 1280 4421 ι’]
1307 4388 1357 4437 pro
1381 4389 1411 4434 o,
1442 4383 1470 4423 ut

321 4488 405 4538 *saepe
422 4475 448 4522 ia
465 4478 644 4542 antiquissimis
661 4475 800 4539 codicibus)
818 4474 873 4524 ΕΗ
891 4471 972 4536 (Llc),
989 4487 1083 4521 -rum
1098 4472 1103 4535 Ι
1120 4473 1149 4524 G.
1169 4470 1181 4539 [Ι
1200 4475 1234 4523 23
1252 4473 1275 4523 si
1294 4476 1389 4525 autem
1408 4457 1470 4536 (aut

281 4607 286 4618 ,
329 4556 388 4619 EG)
405 4556 435 4602 in
452 4560 575 4623 utrisque
587 4559 687 4623 palmis
700 4575 734 4609 ex
746 4558 884 4609 articulis:
902 4558 940 4605 sic
951 4554 1038 4604 EGH.
1054 4550 1066 4621 ΙΙ
1081 4558 1115 4606 26
1128 4557 1175 4619 qui
1186 4572 1246 4621 epo:
1266 4557 1338 4621 quod
1351 4558 1439 4611 aeli.
1454 4556 1467 4625 ))
1529 4571 1538 4584 ·

329 4642 362 4694 26
378 4640 508 4688 monades
526 4643 612 4692 EGH.
636 4640 648 4706 ΙΙ
670 4642 809 4706 decusisq3
827 4639 908 4691 simul
926 4638 955 4687 H
972 4638 1016 4700 (lc,
1034 4637 1153 4691 decusis.
1173 4639 1254 4689 simul
1272 4638 1322 4705 L),
1347 4641 1469 4692 decusis.

257 4729 259 4734 ’
330 4725 407 4794 Quae
427 4721 497 4786 (Qua
518 4723 549 4786 G)
569 4724 647 4772 simul
665 4726 722 4775 EG.
