3984 5825
553 681 617 745 284
790 694 947 743 vrrauvu
970 694 1017 740 uu
1040 693 1307 742 assumserunt
1332 695 1401 742 ms.
1424 701 1459 742 x.

553 849 754 914 Massilitani
781 849 938 936 suspicati
964 855 1067 912 totam
1095 870 1177 934 quae
1199 847 1305 911 fuerat
1326 856 1402 911 ante
1424 871 1553 913 murum
1576 849 1703 915 fossam

553 950 669 1016 altiore
701 951 830 1014 fossura
862 949 1103 1036 depresserunt.
1152 951 1200 1013 ita
1231 972 1346 1037 specus
1381 972 1493 1015 omnes
1526 953 1637 1017 exitus
1666 955 1704 1016 in

553 1054 676 1118 fossam
703 1051 895 1117 habuerunt.
940 1050 1059 1136 quibus
1093 1060 1202 1115 autem
1233 1050 1314 1116 locis
1341 1051 1430 1117 fossa
1455 1074 1522 1117 non
1548 1063 1704 1140 potuerat

553 1155 635 1237 fieri,
658 1155 744 1218 intra
766 1175 893 1216 murum
915 1152 1105 1215 barathrum
1127 1153 1328 1240 amplissima
1349 1153 1556 1239 longitudine
1580 1165 1613 1220 et
1635 1179 1703 1220 am-

520 1276 535 1325 5
553 1256 715 1345 plitudine
737 1256 785 1318 uti
808 1255 969 1342 piscinam
991 1253 1140 1319 fecerunt
1163 1264 1275 1320 contra
1291 1277 1365 1319 eum
1379 1254 1486 1320 locum
1502 1279 1566 1343 qua
1583 1281 1704 1346 specus

552 1359 750 1444 agebantur,
774 1377 909 1443 eamque
932 1378 949 1419 e
971 1357 1078 1443 puteis
1101 1365 1133 1421 et
1156 1378 1173 1420 e
1195 1366 1292 1444 portu
1313 1358 1543 1445 impleverunt.
1589 1361 1704 1447 itaque

554 1483 628 1524 cum
655 1481 771 1545 specus
799 1466 885 1522 esset
913 1467 1048 1545 repente
1069 1459 1202 1522 naribus
1224 1461 1364 1546 apertis,
1394 1460 1572 1525 vehemens
1595 1484 1704 1548 aquae

554 1564 604 1626 vis
627 1563 763 1625 inmissa
786 1557 1011 1646 supplantavit
1033 1557 1183 1642 fulturas,
1207 1563 1327 1647 quique
1349 1562 1435 1625 intra
1451 1561 1585 1627 fuerunt
1609 1573 1642 1628 et
1658 1563 1702 1628 ab

552 1685 655 1750 aquae
682 1661 891 1727 multitudine
915 1671 947 1726 et
968 1661 1010 1725 ab
1033 1663 1128 1726 ruina
1155 1684 1270 1749 specus
1298 1685 1410 1728 omnes
1438 1672 1515 1729 sunt
1537 1667 1702 1752 oppressi.

504 1785 535 1832 10
554 1767 652 1829 etiam
677 1786 753 1843 cum,
778 1785 881 1849 agger
901 1762 944 1826 ad
966 1786 1095 1828 murum
1115 1774 1227 1828 contra
1250 1786 1305 1829 eos
1327 1775 1572 1852 compararetur
1595 1777 1627 1831 et
1651 1790 1702 1831 ar·
1722 1782 1750 1829 12

552 1867 688 1932 boribus
716 1866 835 1930 excisis
864 1887 966 1952 eoque
994 1864 1169 1930 conlocatis
1192 1865 1281 1931 locus
1305 1866 1459 1953 operibus
1483 1888 1703 1953 exaggerare·

552 1978 621 2051 tur,
649 1966 792 2032 ballistis
814 1975 926 2031 vectes
949 1966 1071 2031 ferreos
1101 1966 1276 2032 candentes
1298 1969 1334 2031 in
1355 1969 1390 2032 id
1410 1969 1574 2034 mittendo
1597 1979 1703 2035 totam

552 2070 765 2134 munitionem
793 2078 969 2153 coegerunt
996 2067 1206 2154 conflagrare.
1251 2071 1382 2134 testudo
1409 2080 1519 2135 autem
1546 2073 1704 2136 arietaria

553 2194 626 2235 cum
647 2170 690 2234 ad
711 2193 840 2234 murum
862 2169 1059 2256 pulsandum
1080 2174 1285 2253 accessisset,
1308 2172 1703 2260 permiseruntlaqueum

503 2292 535 2340 15
553 2283 585 2337 et
613 2295 650 2338 eo
673 2275 775 2336 ariete
797 2273 986 2354 constricto,
1010 2293 1068 2358 per
1089 2282 1281 2358 tympanum
1303 2283 1416 2358 ergata
1438 2274 1701 2360 circumagentes

553 2396 709 2460 suspenso
737 2374 843 2459 capite
871 2374 940 2436 cius
962 2394 1028 2438 non
1050 2383 1126 2438 sunt
1148 2376 1238 2461 passi
1259 2376 1351 2460 tangi
1373 2398 1518 2458 murum,
1548 2376 1702 2465 doneque

551 2484 654 2540 totam
680 2474 864 2538 machinam
885 2473 1045 2539 malleolis
1069 2475 1282 2541 candentibus
1306 2492 1338 2542 et
1360 2475 1569 2542 ballistarum
1589 2478 1701 2564 plagis

552 2576 807 2664 dissipaverunt.
850 2576 898 2640 ita
926 2597 963 2640 ea
991 2576 1132 2641 victoria
1164 2578 1314 2644 civitates
1347 2602 1413 2644 non
1444 2578 1606 2644 machinis
1642 2580 1702 2645 sed

552 2687 664 2743 contra
699 2677 921 2742 machinarum
957 2679 1117 2743 rationem
1153 2678 1404 2746 architectorum
1441 2679 1586 2746 sollertia
1625 2692 1702 2746 sunt

501 2803 535 2849 no
552 2781 720 2844 liberatae.

637 2880 728 2963 Quas
751 2882 843 2970 potui
866 2880 907 2947 de
928 2882 1088 2948 machinis
1112 2884 1268 2972 expedire
1287 2885 1429 2950 rationes
1447 2893 1479 2949 et
1494 2885 1587 2971 pacis
1603 2883 1701 2951 belli-

552 3006 614 3071 que
635 2985 837 3072 temporibus
859 2984 1051 3050 utilissimas
1075 2988 1206 3072 putavi,
1236 2987 1270 3049 in
1291 2986 1353 3051 hoc
1375 2985 1541 3051 volumine
1562 2987 1702 3074 perfeci.

551 3087 586 3149 in
612 3086 777 3173 prioribus
808 3108 886 3151 vero
913 3109 1032 3152 novem
1061 3088 1101 3151 de
1129 3087 1266 3172 singulis
1294 3086 1470 3174 generibus
1493 3097 1526 3154 et
1549 3090 1703 3176 partibus

552 3191 748 3275 comparavi,
771 3190 821 3252 uti
842 3197 946 3253 totum
968 3212 1085 3276 corpus
1108 3190 1217 3253 omnia
1237 3190 1474 3255 architecturae
1494 3191 1648 3255 membra
1668 3194 1701 3257 in

501 3308 534 3357 25
553 3289 665 3352 decem
686 3289 908 3355 voluminibus
930 3289 1067 3355 haberet
1089 3289 1269 3377 explicata.-

620 3550 635 3596 1
653 3547 809 3598 masilitani
826 3547 876 3597 EG
893 3555 919 3596 et
935 3556 995 3598 ante
1014 3564 1083 3601 corr.
1101 3548 1131 3597 H
1150 3544 1247 3611 (mass
1264 3551 1341 3611 licto,
1361 3548 1559 3601 massilinitani
1577 3548 1626 3616 L).
1650 3546 1663 3619 ΙΙ
1685 3554 1702 3601 4

552 3630 712 3711 baratbrum
736 3648 779 3699 ⁶⁶.
802 3646 815 3713 ΙΙ
838 3650 854 3698 5
877 3653 907 3697 ut
932 3650 964 3700 E.
992 3645 1005 3716 {l
1034 3652 1064 3700 13
1087 3650 1243 3715 conflagare
1268 3651 1319 3701 Gli
1345 3656 1371 3700 et
1396 3658 1457 3701 uate
1479 3667 1549 3701 corr.
1573 3651 1609 3705 E.
1633 3648 1646 3719 ΙΙ
1670 3656 1701 3702 14

550 3734 704 3798 pmiserunt
727 3731 786 3797 (ric)
810 3732 896 3784 EGH.
924 3729 937 3797 ΙΙ
966 3735 997 3781 16
1020 3734 1142 3799 doneque
1165 3751 1224 3799 epo:
1252 3733 1372 3800 denique
1395 3736 1474 3786 EGH
1496 3734 1568 3798 (Llc,
1592 3738 1644 3787 sed
1665 3737 1701 3787 00

552 3816 692 3882 deinque).
716 3813 728 3883 ΙΙ
751 3819 783 3867 18
801 3832 846 3866 ea:
872 3831 923 3867 ese
941 3818 971 3866 H
988 3817 1060 3879 (haee
1079 3819 1115 3876 L,
1133 3821 1182 3868 sed
1197 3835 1278 3884 supra
1296 3835 1337 3870 ese
1356 3821 1405 3880 Μ,
1424 3820 1459 3870 he
1478 3824 1497 3878 l,
1517 3820 1552 3887 hp
1569 3822 1626 3883 cb),
1645 3821 1698 3870 hae

552 3904 608 3956 EG.
632 3898 645 3968 ΙΙ
666 3900 785 3952 victoria
803 3903 857 3952 ed:
877 3902 1010 3953 victoriae
1029 3902 1114 3952 EGH.
1136 3898 1147 3969 ll
1172 3904 1305 3955 civitates
1323 3902 1415 3957 Selia:
1435 3904 1555 3954 civitati
1574 3905 1662 3956 EGH.
1683 3902 1695 3968 Η

552 3991 582 4038 21
603 3988 724 4037 rationes
742 3987 821 4050 pacis
845 3986 923 4036 EGH
945 3987 985 4047 (et
1008 3989 1069 4036 add.
1094 3986 1191 4050 Sella).
1215 3984 1227 4055 [l
1254 3991 1286 4038 22
1305 3986 1366 4038 t.&
1385 3985 1426 4052 (et
1449 3988 1510 4052 EG)
1534 3988 1696 4039 utilissimas

555 4072 632 4123 ΕΘΗ
650 4069 690 4134 (et
702 4074 752 4121 del.
771 4070 869 4134 Sela).
894 4067 907 4136 ΙΙ
929 4072 962 4121 25
981 4071 1070 4121 decim
1087 4075 1118 4123 lc.

620 4207 739 4258 Vitruvii
751 4207 824 4257 liber
835 4209 861 4257 X
874 4206 990 4272 explicit
1002 4206 1127 4271 feliciter
1140 4206 1272 4267 (decimus
1286 4207 1350 4273 expl
1362 4191 1458 4258 felicit
1464 4206 1508 4271 L).
1527 4208 1571 4259 Do
1591 4210 1693 4275 gratias

553 4307 632 4341 amen
651 4292 680 4340 H
691 4291 735 4355 (L,
748 4292 869 4342 Vitruvii
880 4291 952 4342 liber
964 4291 1086 4342 decimus
1099 4291 1212 4355 explicit
1224 4291 1345 4343 felicitur
1364 4288 1438 4355 (sic).
1451 4308 1532 4343 amen
1544 4309 1565 4352 c,
1585 4295 1692 4345 Victru-

551 4377 591 4427 vii
602 4375 673 4425 liber
685 4376 807 4426 decimus
819 4376 935 4440 explicit
947 4376 1077 4429 feliciter.
1099 4391 1179 4424 amen
1190 4376 1214 4433 Ιι,
1233 4376 1356 4442 Explicit
1367 4376 1438 4427 liber
1450 4377 1573 4427 decimus
1583 4377 1692 4428 vitruvii

553 4460 602 4511 feli
610 4459 613 4526 l
621 4465 663 4511 ter
682 4477 761 4511 amen
778 4463 808 4524 l),
827 4461 947 4511 Vitruvii
957 4497 963 4510 .
972 4460 1044 4511 liber
1054 4500 1060 4513 .
1071 4461 1113 4511 X.
1126 4460 1241 4525 explicit
1252 4496 1258 4510 .
1268 4462 1392 4512 feliciter
1402 4500 1409 4514 .
1418 4477 1516 4513 amen.
1531 4462 1588 4512 EG.

1010 4699 1236 4708 ———--—
