3984 5825
530 670 591 736 140
1015 689 1173 736 vrrauvn

527 852 559 906 ct
582 840 782 924 latitudinis,
810 842 901 905 cuius
926 863 997 905 cum
1021 843 1121 906 semel
1144 844 1320 907 constituta
1343 842 1441 905 suerit
1467 841 1674 925 magnitude,
1753 860 1765 877 ⁸

527 953 680 1029 sequatur
702 964 771 1005 carn
796 945 1013 1030 proportionis
1035 943 1077 1007 ad
1100 944 1248 1009 decorem
1271 946 1450 1031 apparatio,
1473 945 1521 1008 uti
1543 944 1675 1007 nonsit

528 1044 809 1110 considerantibus
830 1055 981 1131 aspectus
1005 1046 1208 1132 eurythmiae
1231 1047 1362 1110 dubius.
1402 1045 1443 1108 de
1465 1067 1528 1130 qua
1551 1045 1673 1131 quibus

527 1146 708 1211 rationibus
731 1146 892 1210 efficiatur
914 1156 963 1211 est
985 1147 1065 1211 mihi
1087 1147 1378 1234 pronunciandum,
1402 1149 1606 1234 primumque
1629 1147 1674 1212 dc

493 1250 616 1313 scavis
638 1249 768 1312 aedium
790 1251 840 1313 uti
860 1248 932 1312 ficri
954 1249 1096 1314 debeant
1119 1251 1236 1314 dicam.
1307 1333 1310 1340 Ι

477 1363 518 1415 111
617 1351 708 1414 Cava
728 1351 857 1415 aedium
881 1352 1025 1437 quinque
1046 1354 1222 1435 generibus
1245 1361 1321 1416 sunt
1343 1351 1508 1432 distincta,
1532 1372 1671 1436 quorum
1695 1365 1706 1409 1

528 1453 574 1516 ita
599 1453 721 1537 figurae
741 1455 964 1544 nominantur,
988 1455 1206 1538 tuscanicum,
1229 1454 1440 1536 corinthium,
1464 1452 1671 1539 tetrastylon,

527 1551 773 1641 displuviatum,
797 1554 1042 1619 testudinatum.
1087 1558 1254 1621 tuscanica
1274 1566 1350 1620 sunt
1370 1554 1537 1642 inquibus
1558 1554 1671 1617 trabes

526 1657 560 1719 in
582 1657 657 1720 atrii
681 1655 854 1721 latitudine
876 1658 1032 1720 traiectae
1054 1657 1197 1723 habeant
1224 1659 1448 1745 interpensiva
1469 1667 1502 1721 et
1524 1655 1670 1720 collicias

479 1778 509 1826 ιο
526 1757 568 1822 ab
600 1756 729 1843 angulis
763 1759 923 1844 parietum
955 1758 997 1821 ad
1029 1759 1166 1844 angulos
1202 1762 1367 1845 tignorum
1401 1762 1670 1839 intercurrentes,

516 1861 604 1938 ¹item
625 1860 791 1925 asseribus
814 1859 1054 1925 stillicidiorum
1077 1863 1112 1925 in
1126 1863 1270 1926 medium
1285 1862 1503 1948 compluvium
1520 1861 1669 1925 deiectis.

526 1962 559 2024 in
582 1962 751 2027 corinthiis
780 1962 884 2026 isdem
905 1964 1086 2027 rationibus
1109 1964 1217 2029 trabes
1241 1976 1272 2028 et
1295 1964 1479 2050 compluvia
1498 1962 1667 2026 conlocan-

525 2073 589 2146 tur,
613 2063 671 2127 sed
692 2086 712 2127 a
733 2064 914 2151 parietibus
936 2065 1045 2129 trabes
1068 2067 1257 2131 recedentes
1278 2068 1313 2130 in
1336 2067 1559 2130 circumitione
1581 2066 1670 2128 circa

526 2164 691 2230 columnas
719 2176 966 2254 componuntur.
1011 2168 1183 2254 tetrastyla
1211 2179 1288 2233 sunt
1317 2191 1399 2255 quae
1426 2168 1582 2232 subiectis
1605 2165 1668 2230 sub

477 2287 508 2334 15
525 2267 675 2333 trabibus
702 2267 916 2353 angularibus
945 2268 1104 2334 columnis
1128 2280 1160 2334 et
1189 2269 1365 2335 utilitatem
1387 2270 1535 2335 trabibus
1558 2278 1591 2333 et
1612 2268 1667 2332 fir-

525 2371 671 2434 mitatem
693 2379 877 2457 praestant,
906 2371 994 2458 quod
1015 2394 1122 2458 neque
1143 2374 1235 2458 ipsae
1257 2395 1411 2458 magnum
1433 2374 1590 2459 impetum
1613 2392 1665 2433 co·

524 2481 647 2555 guntur
668 2471 789 2535 habere
811 2495 916 2559 neque
938 2473 980 2538 ab
998 2475 1230 2561 interpensivis
1245 2485 1429 2539 onerantur.
1466 2471 1666 2558 displuviata
1685 2486 1701 2533 2

514 2582 633 2636 ‘autem
656 2582 732 2637 sunt
754 2575 788 2637 in
810 2574 929 2660 quibus
957 2574 1120 2662 deliquiae
1146 2599 1254 2640 arcam
1278 2579 1475 2642 sustinentes
1498 2572 1667 2639 stillicidia

524 2675 674 2738 reiciunt.
718 2674 798 2740 haec
813 2675 1033 2743 hibernaculis
1049 2679 1191 2742 maxime
1206 2689 1373 2765 praestant
1387 2676 1555 2758 utilitates,
1579 2675 1667 2763 quod

411 2844 413 2849 ,
473 2794 507 2843 ao
524 2777 710 2863 compluvia
731 2800 842 2851 eorum
864 2788 972 2844 erecta
993 2803 1059 2844 non
1081 2780 1213 2846 obstant
1239 2780 1417 2845 luminibus
1438 2778 1665 2844 tricliniorum.

525 2877 583 2943 sed
611 2900 649 2943 ea
676 2878 797 2945 habent
828 2881 864 2946 in
892 2881 1126 2948 refectionibus
1159 2881 1343 2949 molestiam
1376 2904 1543 2969 magnam,
1577 2879 1672 2967 quod'

524 2982 611 3048 circa
637 2984 778 3068 parietes
808 2982 977 3056 stillicidia
1005 2985 1183 3051 defluentia
1210 2988 1378 3051 continent
1406 2984 1549 3067 fistulae,
1582 3005 1665 3071 quae

523 3106 588 3147 non
610 3083 759 3148 celeriter
785 3086 949 3172 recipiunt
971 3108 1014 3151 ex
1035 3086 1204 3154 canalibus
1225 3110 1343 3175 aquam
1366 3088 1575 3169 defluentem,
1604 3086 1663 3149 ita·

523 3207 586 3272 que
605 3185 827 3252 redundantes
851 3175 1045 3275 ¹restagnant
1073 3199 1105 3254 et
1131 3191 1323 3255 intestinum
1346 3200 1378 3254 et
1398 3191 1538 3277 parietes
1559 3189 1594 3252 in
1618 3189 1665 3252 eis

408 3303 411 3309 ⁴
472 3303 505 3353 aa
523 3287 700 3372 generibus
715 3288 940 3355 aedificiorum
957 3301 1178 3377 corrumpunt.
1199 3291 1400 3356 testudinata
1414 3312 1493 3356 vero
1508 3290 1555 3355 ibi
1569 3290 1662 3371 fiunt,

523 3388 580 3452 ubi
607 3410 672 3453 non
699 3399 776 3455 sunt
802 3392 944 3478 impetus
971 3395 1083 3478 magni
1121 3395 1213 3459 etin
1241 3392 1538 3478 contignationibus
1566 3413 1663 3478 supra

523 3493 684 3575 spatiosae
705 3492 887 3557 redduntur
906 3495 1138 3560 habitationes.

471 3608 510 3658 lv
607 3593 774 3658 Atriorum
796 3617 874 3659 vero
896 3594 1088 3662 latitudines
1109 3619 1148 3661 ac
1170 3596 1391 3682 longitudines
1415 3596 1520 3661 tribus
1535 3596 1662 3679 generi·
1682 3611 1698 3658 3

592 3820 604 3866 1
626 3822 654 3868 et
675 3817 831 3869 latitudinis
853 3821 914 3874 add.
937 3820 995 3875 Joc.
1019 3817 1032 3888 ΙΙ
1056 3822 1133 3872 cuins
1161 3837 1221 3874 cum
1247 3822 1333 3872 semel
1358 3821 1391 3873 G:
1425 3821 1503 3870 cuius
1526 3818 1611 3869 semel
1635 3820 1663 3867 H

523 3896 601 3965 (Llc).
624 3897 637 3969 fl
660 3905 676 3954 5
695 3902 796 3954 debent
813 3910 873 3955 aute
890 3921 961 3960 corr.
979 3906 1016 3958 H.
1037 3903 1050 3973 ΙΙ
1069 3909 1084 3958 i
1103 3905 1191 3972 figura
1209 3913 1268 3957 ante
1285 3922 1355 3960 corr.
1375 3906 1406 3980 6
1427 3901 1440 3971 ΙΙ
1464 3904 1662 3955 tuscani.cum

523 3987 558 4037 H.
581 3982 595 4054 ΙΙ
616 3988 781 4053 tetrartylon
800 3995 859 4040 ante
877 4006 945 4044 corr.
965 3992 994 4045 6.
1018 3987 1032 4059 ΙΙ
1053 3994 1070 4043 9
1089 3992 1216 4044 collicias
1235 3991 1337 4055 (-tias
1356 3989 1403 4054 Ge)
1423 3990 1477 4040 GH
1492 3988 1570 4052 (Llc).
1594 3984 1606 4055 ΙΙ
1631 3989 1663 4038 10

521 4070 556 4121 ad
575 4072 677 4138 angulo
699 4070 844 4140 stignorum
863 4075 892 4124 H
915 4075 1066 4142 (abangulo
1089 4078 1242 4144 stignorum
1260 4076 1464 4141 cb,lstignori1
1484 4075 1513 4137 1).
1536 4068 1548 4139 11
1577 4074 1662 4123 inter·

522 4163 662 4209 eumentes
685 4159 719 4210 G:
748 4160 917 4211 incurrentes
941 4160 970 4209 H
992 4161 1071 4225 (Ltc).
1097 4159 1110 4228 ll
1134 4165 1162 4211 11
1188 4161 1305 4212 deiectis
1329 4161 1401 4213 θοις
1434 4159 1533 4210 deictis
1558 4159 1592 4219 6,
1614 4156 1662 4206 do-

521 4241 609 4293 iectus
627 4244 656 4293 H
673 4241 728 4308 (lc).
750 4241 762 4312 Η
783 4246 814 4296 12
832 4244 976 4295 corinthiis
997 4244 1102 4296 hisdem
1123 4246 1145 4297 6
1163 4243 1228 4310 (b⁶):
1252 4243 1340 4310 cori(y
1351 4244 1488 4309 leobnthii
1506 4242 1599 4307 (-thu
1617 4242 1661 4305 lu)

520 4326 625 4378 hisdem
644 4329 673 4378 H
690 4328 770 4395 (Llc).
794 4326 806 4397 l}
830 4333 860 4381 12
878 4326 914 4394 (et
933 4328 976 4394 13)
996 4334 1090 4381 tranas
1109 4330 1144 4380 H.
1166 4325 1178 4397 ll
1208 4333 1240 4380 13
1262 4330 1424 4380 recedentes
1444 4329 1495 4378 GH
1512 4326 1559 4391 (L,
1583 4344 1662 4377 sece-

521 4409 618 4462 dentes
637 4411 671 4474 (lc
684 4409 756 4478 [olii.
771 4410 784 4481 ΙΙ
803 4416 833 4465 14
850 4414 1002 4479 terrastyla
1021 4416 1049 4466 H
1067 4412 1087 4477 (I
1099 4421 1125 4465 et
1142 4422 1200 4465 ante
1218 4431 1287 4466 corr.
1307 4414 1340 4478 c).
1363 4409 1376 4480 ll
1401 4416 1432 4464 18
1450 4412 1603 4477 deliquiae:
1623 4413 1662 4461 sic

523 4496 573 4546 GH
590 4494 669 4563 (hic).
683 4492 696 4563 ll
712 4497 829 4550 stillieia
841 4502 984 4564 scripturas
1002 4516 1030 4551 re
1048 4502 1104 4565 ipse
1115 4515 1184 4551 corr.
1204 4496 1342 4564 (-crsiia)
1358 4499 1395 4549 II.
1411 4495 1424 4566 ss
1440 4501 1470 4548 19
1483 4498 1619 4546 maximae
1636 4496 1662 4544 H

522 4579 599 4644 (teu,
618 4598 695 4648 -ms
718 4582 751 4646 Ii:
775 4585 923 4648 maxima!
940 4586 961 4637 6
980 4581 1036 4649 (⁶²).
1061 4582 1073 4649 ΙΙ
1095 4587 1129 4636 20
1147 4600 1239 4636 eorum
1257 4586 1311 4635 ed:
1332 4598 1426 4635 earum
1446 4582 1505 4632 GH.
1529 4577 1541 4647 ΙΙ
1564 4583 1597 4631 22
1616 4581 1660 4630 de·

521 4666 646 4716 fluentis:
665 4668 703 4717 sic
722 4668 780 4717 GH.
802 4662 815 4732 ΙΙ
838 4671 871 4720 23
889 4685 1005 4734 aquarn:
1029 4685 1110 4738 quam
1131 4676 1191 4721 ante
1208 4684 1277 4723 corr.
1296 4670 1330 4719 H.
1354 4664 1367 4735 {l
1391 4669 1424 4718 28
1446 4666 1608 4717 latitudines
1627 4681 1661 4716 ac

519 4749 718 4816 longitudines:
737 4753 775 4802 sic
793 4752 852 4801 611.
