3984 5825
693 679 740 733 nn
763 681 1031 734 unanimorum
1055 686 1123 734 nm.
1148 682 1198 735 111.
1475 669 1516 738 65

341 852 354 898 1
456 839 601 903 Aedium
629 841 818 926 compositio
845 850 971 905 constat
1001 863 1040 904 ex
1069 842 1273 928 symmetria,
1303 840 1394 905 cuius
1417 844 1546 907 ratio-1

372 962 447 1004 nem
468 939 727 1024 ‚diligentissime
756 940 927 1004 architecti
957 951 1067 1005 tencre
1096 942 1226 1006 debent.
1270 964 1308 1005 ca
1329 952 1438 1006 autem
1460 933 1515 1030 pa-

371 1043 455 1105 ritur
476 1063 496 1104 a
517 1042 737 1129 proportione,
761 1063 844 1127 quae
858 1064 974 1128 graece
995 1047 1159 1125 αναλογια
1182 1043 1312 1107 dicitur.
1350 1046 1515 1130 proportio

373 1153 422 1207 est
450 1152 541 1207 ratae
569 1144 671 1229 partis
699 1143 918 1207 membrorum
946 1145 980 1207 in
1009 1146 1097 1209 omni
1124 1165 1221 1230 opere
1242 1146 1408 1229 totiusque
1431 1167 1515 1209 com-

371 1242 567 1327 modulatio,
602 1266 645 1307 ex
676 1266 739 1330 qua
765 1247 849 1310 ratio
877 1244 1018 1309 efficitur
1050 1246 1323 1332 symmetriarum.
1378 1264 1550 1333 namqucs

372 1368 437 1409 uon
464 1354 574 1431 potest
600 1345 691 1409 aedis
719 1344 786 1408 ulla
814 1347 884 1410 sine
906 1348 1096 1435 symmetria
1117 1357 1214 1434 atque
1236 1348 1444 1433 proportione
1466 1370 1515 1410 ra-

371 1448 493 1511 tionem
520 1446 640 1510 habere
662 1449 924 1534 compositionis,
945 1449 1012 1512 nisi
1033 1450 1082 1512 uti
1103 1448 1145 1511 ad
1166 1448 1307 1513 hominis
1330 1448 1413 1512 bene
1434 1448 1515 1533 figu-

370 1549 435 1610 rati
468 1547 716 1613 similitudinem
749 1551 964 1614 membrorum
995 1549 1144 1613 habuerit
1172 1559 1320 1613 exactam
1345 1551 1515 1615 rationem.

338 1666 490 1733 ecorpus
519 1649 606 1712 enim
632 1649 774 1715 hominis
802 1653 849 1714 ita
876 1660 992 1715 natura
1021 1651 1200 1736 composuit
1228 1653 1275 1715 uti
1298 1674 1333 1714 os
1357 1653 1474 1737 capitis
1497 1673 1517 1713 a

374 1758 480 1814 mento
507 1750 553 1813 ad
572 1751 712 1815 frontem
734 1774 891 1814 summam
914 1762 946 1815 et
967 1751 1093 1815 radices
1116 1752 1196 1814 imas
1220 1751 1329 1837 capilli
1352 1763 1438 1817 esset
1460 1752 1515 1815 de·
1536 1771 1568 1819 10

372 1854 476 1915 cimae
502 1853 622 1938 partis,
650 1853 728 1916 item
756 1875 870 1917 manus
896 1852 1004 1939 palma
1030 1852 1071 1916 ab
1098 1851 1235 1917 articulo
1263 1853 1305 1915 ad
1333 1864 1516 1918 extremum

372 1953 517 2016 medium
532 1952 671 2038 digitum
686 1954 887 2037 tanttmdem,
911 1963 1008 2040 caput
1023 1977 1043 2016 a
1065 1964 1172 2018 mento
1194 1953 1236 2016 ad
1260 1977 1421 2018 summum
1443 1976 1515 2018 ver-

373 2057 471 2118 ticem
501 2063 652 2137 octavae,
680 2077 753 2119 oum
781 2049 965 2120 cervicibus
992 2057 1065 2118 imis
1093 2055 1135 2118 ab
1163 2078 1287 2119 summo
1316 2066 1446 2142 pectore
1473 2057 1516 2121 ad

379 2156 459 2219 imas
482 2155 610 2221 radices
632 2156 823 2244 capillorum
845 2142 974 2240 sextae,
1002 2159 1042 2241 <a
1064 2157 1171 2220 medio
1194 2161 1344 2242 pectore>
1366 2159 1408 2221 ad
1431 2181 1515 2222 sum-

372 2280 461 2320 mum
491 2258 647 2340 verticem
676 2268 819 2344 quartae.
868 2259 972 2345 ipsius
994 2269 1104 2322 autem
1126 2260 1191 2322 oris
1213 2257 1396 2323 altitudinis
1420 2263 1567 2324 tertiam

374 2369 423 2423 est
445 2381 520 2447 pars
542 2359 584 2423 ab
607 2361 671 2424 imo
694 2370 802 2424 mento
824 2358 867 2422 ad
889 2360 970 2423 imas
993 2382 1105 2441 nares,
1134 2383 1248 2423 nasum
1270 2360 1312 2424 ab
1334 2362 1408 2424 imis
1430 2363 1515 2425 nari

373 2461 435 2524 bus
462 2460 506 2523 ad
531 2460 629 2524 finem
650 2460 794 2525 medium
815 2460 1061 2546 superciliorum
1083 2461 1285 2525 tantundem.
1329 2462 1371 2526 ab
1394 2484 1431 2525 ea
1452 2462 1517 2545 fine

373 2560 416 2624 ad
447 2562 530 2626 imas
558 2562 685 2627 radices
720 2560 830 2649 capilli
862 2562 952 2627 frons
980 2561 1122 2627 efficitur
1148 2565 1226 2627 item
1254 2564 1370 2626 tertiae
1403 2566 1516 2650 partis.

373 2684 430 2750 pes
453 2684 532 2726 vero
553 2663 737 2727 altitudinis
760 2666 903 2749 corporis
926 2674 1055 2748 sextae,
1079 2665 1207 2728 cubitus
1230 2674 1379 2749 quartae,
1402 2677 1516 2751 pectus

373 2765 452 2827 item
472 2773 616 2850 quartae,
652 2765 777 2850 reliqua
799 2786 926 2850 quoque
948 2766 1093 2830 membra
1115 2789 1189 2830 suas
1211 2765 1333 2829 habent
1356 2789 1515 2831 commen·
1534 2785 1568 2833 20

374 2888 429 2930 sus
456 2866 698 2953 proportiones,
727 2865 844 2953 quibus
874 2868 972 2930 etiam
998 2868 1125 2952 antiqui
1147 2868 1287 2952 pictores
1312 2877 1343 2931 et
1366 2869 1515 2932 statuarii

338 2985 355 3031 3
373 2966 500 3032 nobiles
513 2970 566 3033 usi
581 2990 714 3052 magnas
731 2977 764 3031 ct
782 2968 926 3032 infinitas
948 2967 1061 3032 laudes
1084 2978 1159 3031 sunt
1180 2967 1337 3031 adsecuti.
1367 2969 1516 3032 similiter

374 3091 452 3133 vero
479 3090 644 3140 sacrarum
669 3069 799 3132 aedium
827 3069 972 3132 membra
999 3070 1041 3132 ad
1064 3071 1249 3133 universam
1270 3070 1370 3132 totius
1391 3072 1514 3153 magni-

373 3171 496 3234 tudinis
520 3192 676 3235 summam
698 3192 741 3234 ex
762 3170 910 3257 partibus
933 3169 1071 3253 singulis
1095 3170 1438 3233 convenientissimum
1460 3155 1515 3232 de-

374 3272 453 3336 bent
480 3270 602 3336 habere
628 3294 829 3336 commensus
857 3294 1059 3358 responsum.
1103 3274 1181 3335 item
1203 3271 1346 3356 corporis
1369 3281 1515 3334 centrum
1533 3290 1566 3338 25

376 3372 516 3438 medium
530 3372 723 3438 naturaliter
744 3383 794 3438 est
815 3358 1000 3437 umliilicus.
1044 3394 1181 3459 namque
1203 3374 1231 3435 si
1253 3372 1347 3435 homo
1370 3371 1514 3436 conloca-

443 3632 566 3681 2teneri
585 3631 612 3680 H
634 3629 736 3695 (solus).
759 3627 771 3696 Ι)
793 3630 935 3696 paritnrld
952 3633 990 3680 L:
1018 3632 1144 3696 paritura
1158 3630 1208 3680 GH
1220 3629 1279 3693 (lc),
1303 3635 1435 3694 paratura
1455 3631 1486 3682 Ε,
1503 3631 1513 3694 ἔ)

376 3715 543 3781 annalogia
563 3715 627 3773 ΕΗ,
655 3714 768 3765 analoia
785 3723 844 3765 unte
862 3730 929 3768 corr.
951 3715 980 3763 G.
1010 3712 1022 3780 Ι)
1049 3717 1126 3763 test
1145 3722 1223 3763 ratae
1241 3715 1283 3763 H⁶
1305 3713 1388 3777 (Llc):
1411 3718 1515 3763 stratae

377 3801 448 3862 l-te
467 3800 500 3859 Ε,
519 3791 581 3865 -Ltq
601 3799 633 3863 G)
652 3799 730 3849 EGH
749 3798 795 3861 (sc.
815 3800 982 3863 proportiost
1000 3798 1102 3861 ratae).
1125 3795 1136 3864 ))
1159 3799 1298 3862 totiusque
1310 3799 1378 3848 ιΙοαε
1402 3802 1515 3861 totaque

376 3883 454 3933 EGH
472 3880 539 3945 (Lis,
558 3888 619 3933 tota
639 3884 674 3932 L⁶
692 3899 767 3933 maso
786 3881 860 3947 qne).
877 3880 889 3949 Ι)
909 3885 924 3933 5
944 3899 976 3933 ex
995 3898 1049 3947 qua
1062 3882 1132 3931 ratio
1146 3883 1175 3929 H
1186 3882 1287 3944 (Gcle,
1302 3897 1334 3929 ex
1353 3883 1516 3943 quaratione

375 3974 435 4017 ante
452 3984 522 4022 corr.
540 3968 573 4031 ll:
604 3984 637 4017 ex
656 3967 790 4032 quadrato
808 3968 834 4016 E
851 3974 877 4016 et
893 3974 953 4016 ante
970 3983 1038 4017 corr.
1059 3967 1088 4019 G.
1117 3963 1128 4031 ΙΙ
1156 3966 1267 4015 taedis
1287 3966 1346 4021 ΕΗ,
1370 3963 1429 4027 edis
1450 3964 1471 4011 G
1489 3968 1515 4024 (l,

376 4050 435 4102 edis
444 4053 483 4111 ch,
503 4052 586 4103 aedes
598 4051 644 4118 L).
660 4048 673 4119 ll
688 4050 923 4103 8similitudinem
936 4053 996 4100 add.
1013 4052 1080 4100 Mor.
1101 4048 1147 4113 (cs.
1159 4068 1181 4104 a.
1195 4054 1239 4101 22.
1257 4048 1367 4113 figurati
1385 4047 1517 4096 membro-

377 4150 434 4185 rum
447 4136 547 4201 ΕΘΗ).
563 4134 577 4204 [Ι
594 4141 624 4187 11
644 4138 723 4187 item:
741 4138 782 4185 ita
795 4136 828 4188 E.
845 4130 858 4200 Ι)
873 4135 962 4199 palme
976 4135 1008 4187 E.
1025 4130 1038 4202 Ι)
1061 4138 1092 4185 13
1111 4139 1208 4199 octove
1217 4133 1281 4181 Ὲθτ
1301 4137 1380 4182 octae
1395 4132 1422 4180 H
1441 4131 1515 4196 (octq

376 4223 426 4280 cca,
445 4226 507 4272 octo
525 4228 586 4271 unte
597 4237 666 4274 corr.
680 4217 742 4286 0)..ss
759 4219 862 4283 cervib3
880 4227 939 4269 avite
956 4236 1025 4270 corr.
1042 4220 1063 4268 6
1073 4218 1133 4281 (nou
1147 4218 1189 4280 Ε).
1205 4214 1217 4281 ))
1236 4218 1266 4265 14
1278 4232 1294 4264 a
1307 4216 1516 4280 mediopectore

376 4308 436 4360 add.
452 4306 506 4357 Gal.
520 4304 606 4370 (Lon,
619 4308 716 4355 sextae
735 4303 768 4352 ad
788 4317 919 4353 summum
938 4303 1036 4366 EGH).
1061 4300 1073 4370 Ῑ)
1097 4305 1127 4352 16
1146 4316 1254 4351 nasum:
1273 4305 1311 4349 stc
1327 4300 1404 4349 EGH
1423 4298 1516 4361 (nasos

376 4390 454 4452 loa).
477 4386 490 4457 Ι)
515 4393 544 4440 17
563 4406 609 4439 ea:
628 4391 665 4437 ric
682 4388 768 4438 EGH.
794 4383 806 4454 Ι)
830 4390 861 4437 18
881 4386 976 4452 capilli
995 4387 1056 4436 EG:
1077 4385 1185 4450 capillis
1205 4386 1232 4433 H
1252 4384 1310 4446 (ch).
1335 4381 1346 4448 Ι)
1371 4386 1401 4431 ’19
1421 4398 1516 4446 corpo·

378 4477 414 4523 ris
437 4478 513 4538 sexte
532 4474 581 4523 EG
599 4472 658 4536 (L):
681 4473 801 4537 corporis
820 4477 900 4521 entae
925 4474 951 4520 H
971 4470 1090 4534 (corpori
1109 4474 1185 4518 sexte
1207 4468 1250 4531 Ic).
1275 4464 1286 4532 ))
1315 4468 1423 4516 cubitus
1446 4468 1514 4517 doc:

379 4560 500 4609 cubitum
517 4559 557 4615 H,
576 4558 640 4606 -tt‘r
659 4556 708 4605 EG
731 4556 810 4619 (hle).
834 4553 846 4622 Ι)
868 4559 901 4607 20
923 4571 988 4605 suas
1014 4556 1089 4606 Lon:
1113 4569 1176 4603 suos
1201 4553 1284 4601 EGH.
1309 4548 1320 4616 ))
1348 4566 1516 4602 commensos

379 4649 435 4692 onte
454 4657 522 4698 corr.
542 4642 569 4691 H
592 4640 628 4704 (et
650 4640 709 4704 Ec),
736 4637 748 4707 Ι)
775 4645 806 4691 el
831 4642 1021 4707 proportiones
1044 4638 1122 4696 EGH
1144 4634 1189 4700 (tc,
1212 4635 1398 4702 proportionis
1422 4636 1472 4694 Ec,
1495 4634 1518 4685 di

378 4726 567 4791 proportiones
585 4724 630 4791 Ε).

411 4825 527 4863 ursus.
545 4826 581 4861 ns
599 4824 712 4861 nucum.
1294 4804 1314 4868 5
