3984 5825
667 706 713 754 na
735 706 1001 755 sucurracrmm
1026 708 1093 754 ms.
1117 708 1176 755 vn.
1433 693 1491 759 177

316 874 325 919 1
436 858 610 943 Ingrediar
631 881 716 923 nunc
732 861 823 924 minii
847 861 987 925 rationes
1005 860 1179 946 explicare.
1224 860 1257 924 id
1279 870 1388 924 autem
1403 863 1492 945 agris
1513 874 1579 924 ΠΗ

349 960 569 1047 Ephesiorum
603 959 763 1027 Cilbianis
802 964 941 1049 primum
975 984 1046 1026 esse
1083 971 1278 1026 memoratur
1314 965 1493 1045 inventum,

349 1063 442 1127 cuius
466 1071 499 1126 et
520 1084 573 1126 res
590 1072 622 1126 et
643 1064 727 1127 ratio
750 1065 830 1128 satis
854 1085 987 1148 magnas
1010 1062 1108 1129 habet
1130 1064 1372 1129 admirationes,
1409 1064 1493 1128 fodi-

348 1175 405 1229 tur
432 1165 520 1227 enim
547 1162 665 1249 glaeba
690 1186 774 1251 quae
803 1165 937 1249 dieitur,
971 1175 1145 1252 antequam
1172 1165 1422 1231 tractationibus
1451 1166 1493 1229 ad

318 1268 489 1337 ,minium
518 1266 727 1354 perveniant,
761 1288 845 1330 vena
873 1269 922 1331 uti
950 1267 1030 1333 ferri
1037 1318 1046 1352 ,
1080 1269 1185 1352 magis
1214 1268 1348 1333 subrufo
1376 1267 1528 1350 colorat

348 1367 475 1433 habens
499 1369 585 1432 circa
608 1389 643 1431 se
663 1367 799 1433 rubrum
820 1367 1001 1456 pulverem.
1046 1390 1119 1432 cum
1141 1368 1176 1433 id
1198 1368 1339 1453 foditur,
1363 1393 1403 1434 cx
1425 1370 1493 1457 pla-

348 1471 402 1556 gis
424 1469 696 1535 ferramentorum
711 1469 841 1535 crebras
858 1471 986 1541 emittit¹
999 1470 1149 1537 lacrimas
1163 1472 1291 1557 argenti
1306 1474 1387 1552 vivi,
1412 1495 1494 1558 quae

311 1583 367 1634 ‘aa
396 1570 581 1637 fossoribus
603 1573 715 1637 statim
743 1571 950 1658 colliguntur.
1000 1573 1061 1637 hae
1088 1572 1224 1658 glaebae
1246 1595 1319 1637 cum
1341 1572 1494 1639 collectae

346 1682 441 1756 sunt,
462 1675 499 1737 in
520 1672 652 1738 officina
674 1684 807 1762 propter
820 1678 942 1740 umoris
965 1673 1155 1763 plenitatem
1171 1677 1352 1740 coiciuntur
1374 1676 1408 1739 in
1430 1674 1493 1739 for-

346 1796 463 1839 nacem
491 1784 528 1840 ut
555 1776 806 1859 inter-arescant,
836 1786 868 1841 et
896 1779 924 1840 is
952 1778 1009 1862 qui
1038 1798 1079 1841 ex
1106 1777 1157 1841 his
1187 1777 1229 1840 ab
1258 1778 1345 1861 ignis
1373 1788 1545 1864 vaporato

345 1876 458 1943 fumus
482 1878 659 1942 suscitatur
681 1900 755 1943 cum
777 1877 899 1943 resedit
922 1880 957 1943 in
979 1877 1083 1942 solum
1105 1878 1209 1962 lurni,
1234 1879 1400 1943 invenitur
1422 1901 1494 1943 esse

345 1987 521 2064 argentum
544 1982 669 2044 vivum.
714 1981 876 2067 exemptis
903 1978 1030 2066 glaebis
1053 1989 1165 2065 guttae
1188 2001 1245 2042 eae
1267 2002 1349 2066 quae
1372 1980 1492 2044 reside-

345 2081 431 2146 bunt
445 2091 580 2168 propter
601 2079 780 2145 brevitates
796 2103 861 2146 non
883 2082 1021 2167 possunt
1036 2080 1163 2165 colligi,
1187 2081 1244 2145 sod
1268 2083 1301 2145 in
1318 2104 1375 2146 vas
1390 2104 1493 2168 aquae

345 2191 589 2248 converruntur
610 2192 643 2248 et
664 2181 711 2247 ibi
734 2185 819 2248 inter
839 2204 874 2247 se
895 2194 1078 2268 congruunt
1101 2193 1133 2247 ot
1154 2204 1219 2247 una
1241 2183 1493 2248 confunduntur.

344 2287 395 2349 ita
416 2293 526 2350 autem
549 2305 623 2348 cum
645 2285 711 2348 sint
727 2294 878 2370 quattuor
900 2286 1117 2349 sextariorum
1139 2306 1318 2368 rrrensurac,
1342 2308 1414 2348 cum
1438 2308 1493 2349 cx·
1514 2298 1545 2346 ro

309 2386 537 2474 apenduntur
563 2386 771 2451 invenientur
798 2408 869 2451 esse
896 2385 1004 2473 pondo
1033 2380 1177 2453 centuin.¹
1223 2408 1295 2450 curn
1323 2388 1358 2450 in
1385 2386 1494 2473 aliquo

346 2508 428 2553 vase
450 2496 502 2553 est
529 2486 701 2551 confusum
707 2536 717 2572 ,
746 2489 774 2553 si
797 2509 895 2574 supra
922 2487 957 2551 id
985 2486 1095 2575 lapide
1117 2490 1338 2552 centenarium
1366 2489 1493 2575 pondus

345 2592 540 2677 inponatur,
562 2596 653 2653 natat
674 2589 709 2652 in
725 2611 850 2653 summo
871 2610 977 2675 neque
992 2611 1065 2653 eum
1087 2588 1245 2675 liquorem
1268 2599 1375 2676 potest
1397 2612 1494 2653 onore

346 2712 409 2757 suo
436 2710 585 2778 premere
612 2711 672 2753 neo
700 2688 821 2754 elidere
848 2712 908 2754 nee
936 2690 1107 2777 dissipare.
1151 2692 1337 2755 centenario
1366 2689 1493 2756 sublato

346 2794 379 2857 si
401 2792 450 2857 ibi
476 2793 550 2857 auri
571 2790 749 2879 scripulum
777 2793 967 2879 inponatur,
995 2814 1061 2855 non
1082 2790 1209 2854 natabit
1236 2790 1293 2855 scd
1322 2792 1364 2855 ad
1392 2794 1492 2856 imum
1511 2804 1544 2852 ro

344 2916 409 2984 per
429 2916 466 2960 se
487 2893 696 2984 deprimetur.
739 2895 787 2958 ita
808 2917 874 2960 non
888 2893 1103 2986 amplitudine
1125 2891 1278 2980 ponderis
1295 2893 1352 2957 sed
1374 2917 1493 2978 genere

306 2994 553 3082 asingularum
580 3017 689 3060 rerum
716 2998 911 3082 gravitatem
940 3017 1011 3060 esse
1038 3017 1103 3058 non
1131 3004 1180 3058 eat
1212 2994 1406 3079 negandum.
1457 2997 1492 3060 id

345 3107 457 3164 autem
485 3095 596 3163 multis
624 3095 721 3162 rebus
750 3106 800 3162 est
827 3096 869 3161 ad
898 3120 993 3162 usum
1022 3096 1223 3184 expeditum.
1274 3117 1379 3182 neque
1406 3098 1492 3159 enim

345 3209 520 3287 argentum
540 3219 647 3285 neque
667 3220 723 3264 aes
745 3200 816 3263 sine
839 3220 876 3264 eo
904 3208 1012 3285 potest
1041 3207 1130 3263 recte
1157 3198 1309 3262 inaurari!
1355 3219 1492 3284 cumque

417 3410 433 3458 ²
451 3407 588 3458 Cilbianis
606 3405 672 3460 Phil.
691 3401 738 3469 (ex
755 3402 847 3472 Puer:
868 3404 944 3467 cluiil
955 3406 1035 3456 annis
1054 3404 1085 3467 E,
1105 3404 1225 3455 divionis
1238 3411 1297 3455 ante
1309 3420 1380 3454 corr.
1393 3405 1421 3464 (ι’,
1441 3406 1491 3455 oli·

346 3492 440 3544 viauia
457 3492 487 3542 H
504 3489 621 3556 (Mle).
644 3486 658 3558 ss
680 3491 795 3556 primum
815 3506 875 3541 esse
893 3506 941 3540 m.:
960 3493 998 3541 ar'c
1017 3490 1102 3544 EGH.
1124 3487 1136 3557 ll
1158 3492 1175 3539 4
1193 3489 1290 3554 glebas
1308 3496 1368 3539 onte
1386 3506 1453 3542 corr.
1470 3491 1491 3539 (ι’

346 3577 410 3642 (non
427 3576 474 3642 Ε).
497 3572 510 3643 ΙΙ
533 3589 603 3641 quae
620 3575 719 3626 dieitur
742 3574 851 3637 (dititur
868 3582 928 3626 unte
949 3591 1019 3625 corr.
1043 3575 1077 3635 G,
1100 3582 1129 3624 ut
1144 3575 1291 3639 saepissime
1310 3576 1358 3625 -ci·
1375 3592 1424 3639 pro
1444 3579 1491 3625 -ti-

345 3670 407 3713 ante
418 3660 485 3725 ooo.)
497 3664 645 3726 antequam
657 3657 807 3724 (autelqui
818 3659 864 3722 G):
881 3661 919 3709 stc
931 3659 1010 3708 EGH
1023 3657 1067 3723 (cf.
1078 3675 1105 3723 p.
1118 3661 1174 3715 179,
1194 3660 1245 3719 11).
1262 3655 1274 3725 [l
1290 3660 1306 3710 5
1319 3660 1387 3709 ferri
1400 3659 1488 3712 Seleia:

346 3747 422 3798 ferro
435 3745 522 3798 ΕθΗ.
538 3739 550 3811 ΙΙ
566 3747 582 3796 9
600 3748 665 3795 suut
675 3782 682 3798 .
692 3744 720 3794 in
739 3743 852 3794 officina
866 3743 925 3793 EG:
945 3747 1009 3793 sunt
1020 3744 1049 3792 in
1058 3742 1198 3793 officinam
1208 3744 1240 3792 H
1247 3741 1325 3807 (lde).
1341 3739 1352 3808 ll
1370 3745 1489 3793 coiciun-

346 3835 392 3881 tur
408 3829 497 3884 ΕθΗ.
521 3825 534 3896 ΙΙ
556 3830 587 3880 10
604 3817 808 3880 intererasoant
827 3824 921 3892 [tuerit
939 3828 1059 3889 (luerit
1078 3824 1135 3893 EG)
1156 3825 1364 3890 oae(eE(1')ram
1383 3830 1490 3891 pumice

346 3912 421 3980 (eam
439 3914 499 3981 Εθ)
585 3912 672 3967 ΕθΗ.
697 3914 740 3964 illo
757 3912 833 3964 verbo
847 3912 984 3977 firrr'ebalur
1003 3913 1091 3975 solium
1110 3915 1138 3962 id
1157 3913 1267 3977 quadiu
1284 3913 1489 3960 secundiccdem

346 4001 475 4050 &mm
491 3999 593 4048 eratin
610 3999 667 4050 cod.
685 3998 833 4063 archetypo.
851 3999 901 4051 oid.
924 3998 1002 4061 adp.
1027 3999 1088 4054 175,
1106 3998 1150 4047 22.
1173 3991 1185 4060 ll
1209 3996 1240 4043 12
1260 4009 1364 4059 eaeque
1385 3995 1417 4052 (ι’,
1437 3994 1488 4060 hee
1522 4014 1526 4020 ·

346 4097 423 4148 quae,
438 4081 472 4147 Ε,
491 4096 570 4148 eaeq3
587 4082 619 4130 Η
634 4078 708 4147 (lreq3
725 4083 758 4144 Ε,
778 4096 866 4145 aequo
883 4085 907 4130 tc
924 4088 949 4130 et
960 4087 1020 4130 ante
1038 4097 1106 4130 corr.
1119 4081 1142 4139 Ιι,
1162 4094 1214 4143 que
1233 4095 1300 4130 erar.
1314 4093 1348 4128 ae
1359 4077 1408 4140 lac).
1420 4074 1431 4143 ll
1448 4094 1488 4125 ro-

346 4166 477 4218 sidebuut
495 4166 528 4227 Ε,
546 4165 714 4218 resedebunt
733 4166 785 4216 ol!
801 4163 844 4229 (L,
858 4164 1042 4228 rosedunttc).
1059 4160 1072 4230 ll
1089 4167 1120 4214 13
1137 4163 1303 4236 brevitates:
1321 4167 1359 4212 uic
1371 4162 1457 4212 EGII.
1473 4161 1484 4227 {l

347 4251 375 4300 iu
392 4265 444 4302 vas
461 4263 552 4316 aquas
563 4251 636 4302 loa:
654 4251 753 4302 invasa
771 4265 823 4315 qua
843 4247 943 4313 othl),
961 4250 1090 4313 invasaq:
1111 4248 1141 4308 Ε,
1160 4248 1258 4297 invasu
1270 4260 1342 4309 quac
1356 4247 1383 4295 II
1397 4244 1457 4310 (ele).
1472 4244 1485 4311 ll

348 4336 379 4386 14
389 4339 589 4388 converruntur
600 4335 656 4386 ΕΗ
665 4333 761 4399 (mcor
781 4338 977 4384 convertuntur
996 4332 1097 4398 G(ante
1110 4348 1178 4383 corr,
1192 4330 1220 4393 l).
1238 4327 1250 4393 ΙΙ
1267 4332 1298 4379 lb
1311 4330 1352 4377 ita
1364 4345 1411 4394 epo
1424 4328 1486 4391 (eae

346 4420 440 4486 Phila:
453 4418 481 4470 id
493 4420 578 4472 EGH.
591 4416 603 4486 ΙΙ
620 4420 688 4472 sint:
701 4422 739 4469 cic
751 4419 836 4471 ΕΕΗ,
848 4415 861 4486 ΙΙ
877 4421 909 4470 16
921 4418 1108 4469 invenientur:
1121 4418 1158 4464 sic
1168 4413 1253 4465 soll.
1270 4408 1281 4478 ll
1300 4416 1330 4463 17
1345 4414 1487 4463 confusum

347 4507 403 4560 ed:
421 4518 502 4555 -sus
520 4504 605 4555 EGH.
629 4500 642 4570 ΙΙ
668 4503 761 4570 lapide
779 4520 838 4569 epo:
864 4503 956 4569 lapide
971 4500 975 4566 Ι
992 4501 1046 4552 ΕΗ
1060 4499 1162 4566 (lapido
1184 4497 1255 4561 aa),
1278 4496 1399 4561 lapidem
1418 4498 1451 4552 Ε,
1472 4495 1484 4562 Η

348 4591 535 4641 centenarium
546 4588 608 4647 ΗΕ,
622 4614 644 4625 -
654 4589 697 4637 rn'r
711 4588 733 4639 G
745 4571 857 4653 (lapidis
870 4586 1023 4638 centenarii
1035 4582 1114 4649 doc).
1131 4580 1143 4649 ΙΙ
1159 4585 1192 4632 20
1204 4580 1326 4646 scripulis
1338 4584 1487 4646 inponatur

348 4675 379 4737 0,
398 4672 528 4739 scrupuli
540 4671 612 4738 (aute
622 4688 693 4726 corr.
704 4672 738 4735 Ε,
756 4671 903 4738 scriptulae
916 4670 963 4733 Ec)
977 4670 1133 4734 imponatur
1147 4667 1182 4716 E:
1202 4666 1350 4731 scripulum
1364 4664 1437 4731 (-1n
1451 4664 1485 4729 L)

347 4762 466 4828 ponatur
477 4758 507 4808 Η
518 4755 597 4823 (hle).
615 4753 627 4824 ΙΙ
642 4759 675 4807 22
694 4772 747 4808 non
761 4766 804 4807 est
816 4754 971 4823 negandum
983 4754 1016 4803 H
1025 4751 1108 4821 (Lle):
1127 4767 1180 4802 non
1199 4749 1355 4816 negandum
1374 4755 1416 4802 est
1429 4751 1486 4804 Eo.

381 4857 497 4898 rursus.
516 4858 551 4896 us
570 4855 683 4897 aucam.
881 4914 897 4934 .
1245 4835 1285 4902 12
