3984 5825
683 672 729 719 nn
752 671 1019 719 nncinrscrnnn
1046 673 1113 718 mn.
1138 674 1184 720 vr.
1444 657 1502 721 137

357 825 630 891 animadvertere.
674 824 790 889 calices
812 824 877 889 duo
893 826 926 889 in
942 847 1006 890 una
1021 825 1153 891 fornace
1168 848 1270 912 aeque
1286 827 1369 891 cocti
1384 849 1502 913 aequo-

359 951 423 1015 que
451 927 597 1015 pondere
623 926 666 991 ad
694 929 918 1014 crepitumque
945 950 1010 990 uno
1032 929 1140 992 sonitu
1163 938 1341 992 sumantur.
1386 952 1427 992 cx
1451 929 1502 993 bis

358 1054 441 1095 unus
470 1030 506 1093 in
532 1049 649 1115 aquam
676 1027 881 1111 demittatur,
914 1039 1028 1114 postea
1051 1050 1092 1092 ex
1114 1051 1197 1115 aqua
1220 1031 1397 1114 eximatur,
1425 1041 1503 1095 tunc

359 1133 491 1219 utrique
512 1140 698 1216 tangantur.
735 1152 809 1194 cum
832 1132 918 1194 enim
939 1131 984 1193 ita
999 1131 1121 1194 factum
1136 1130 1404 1215 inerit,‘largiter
1418 1133 1504 1197 inter

359 1255 414 1299 ees
437 1235 563 1299 sonitus
586 1233 786 1321 discrepabit
807 1253 974 1318 aequeque
997 1232 1139 1319 pondere
1161 1255 1227 1296 non
1249 1243 1402 1319 poterunt
1421 1249 1537 1298 esses

358 1337 405 1399 ita
427 1345 460 1399 et
483 1336 649 1399 hominum
671 1356 806 1421 corpora
827 1357 891 1399 uno
908 1355 1028 1418 genere
1043 1333 1247 1418 figurationis
1264 1346 1295 1399 et
1310 1357 1375 1398 nna
1390 1337 1503 1399 mnndi

336 1438 588 1521 ⁸coniunctione
614 1446 770 1522 concepta
788 1434 855 1500 alia
878 1445 1010 1522 proptor
1032 1437 1175 1521 regionis
1198 1437 1349 1501 ardorem
1371 1448 1503 1501 acutum

360 1540 513 1626 spiritum
540 1540 626 1604 aeris
654 1539 841 1624 exprimunt
869 1547 974 1619 tactu,
1007 1535 1071 1600 alia
1097 1548 1231 1624 propter
1257 1538 1378 1604 umoris
1401 1539 1502 1603 abun·
1594 1536 1600 1547 ’

359 1640 506 1705 dantiam
527 1641 740 1725 gravissimas
763 1637 933 1702 effundunt
955 1659 1107 1702 sonorum
1130 1638 1314 1725 qualitates.
1482 1724 1485 1731 Ι

321 1760 338 1808 9
444 1741 529 1806 Item
558 1751 690 1829 propter
716 1741 909 1806 tenuitatem
942 1737 1024 1803 caeli
1056 1741 1256 1805 meridianae
1283 1744 1429 1807 nationes
1461 1766 1503 1807 ex
1523 1756 1554 1804 10

358 1853 454 1908 acuta
476 1843 606 1909 fervore
628 1852 736 1907 mente
759 1841 944 1928 expeditius
968 1839 1170 1929 celeriusque
1185 1852 1357 1908 moventur
1370 1845 1415 1908 ad'
1429 1868 1502 1909 con-

359 1943 508 2010 siliorum
530 1947 752 2030 cogitationes.
798 1942 1067 2033 septentrionales
1096 1954 1204 2008 autem
1232 1954 1346 2030 gentes
1376 1947 1504 2011 infusae

358 2047 577 2112 crassitudine
592 2046 685 2130 caeli,
706 2054 839 2134 propter
854 2045 1052 2110 obstantiam
1066 2047 1150 2110 aeris
1166 2069 1277 2113 umere
1292 2047 1503 2133 refrigeratae

358 2156 528 2235 stupentes
551 2147 673 2214 babent
694 2158 830 2214 mentes.
875 2151 937 2215 hoc
957 2158 1066 2213 autem
1089 2149 1135 2212 ita
1157 2170 1229 2212 esse
1256 2171 1276 2212 a
1297 2150 1502 2236 serpentibus

357 2249 435 2314 lieet
448 2250 607 2337 aspicere,
624 2272 705 2336 quae
720 2271 778 2339 per
793 2250 936 2316 calorem·
947 2273 1020 2314 cum
1037 2249 1229 2315 exhaustam
1244 2251 1365 2318 habent
1380 2255 1503 2317 umoris
1523 2263 1554 2311 15

356 2350 651 2437 refrigerationem,
673 2360 751 2416 tune
771 2354 927 2417 acerrime
942 2360 1124 2436 moventur,
1147 2374 1206 2439 per
1218 2352 1380 2435 brumalia
1394 2364 1504 2419 autem

358 2463 392 2517 et
413 2451 552 2517 bibema
574 2462 719 2542 tempora
740 2453 783 2517 ab
805 2455 984 2519 mutatione
1006 2453 1087 2518 caeli
1109 2454 1339 2540 refrigeratae,
1363 2456 1504 2521 inmotae

346 2546 434 2619 ¹sunt
457 2564 600 2644 stupore.
643 2556 690 2620 ita
712 2579 777 2621 nen
799 2565 849 2621 est
871 2556 1071 2635 mirandum,
1095 2557 1123 2620 si
1144 2558 1304 2622 acutiores
1328 2556 1430 2623 efficit
1452 2580 1503 2622 ca-

356 2654 445 2720 lidus
467 2677 525 2720 aer
546 2655 713 2722 hominum
734 2668 871 2743 mentes,
894 2658 1107 2744 refrigeratus
1129 2668 1238 2721 autem
1255 2669 1367 2723 eontra
1382 2659 1502 2725 tardio-

304 2776 339 2825 10
356 2779 422 2821 res.
465 2780 540 2823 cum
561 2759 628 2823 sint
648 2768 758 2824 autem
779 2759 979 2824 meridianae
1001 2760 1150 2824 nationes
1172 2760 1290 2824 animis
1305 2762 1502 2826 acutissimis
1521 2773 1554 2821 ao

355 2858 552 2948 infinitaque
574 2858 718 2927 sollertia
740 2861 958 2945 consiliorum,
982 2859 1079 2926 simul
1096 2859 1139 2923 ad
1154 2860 1380 2926 fortitudinem
1395 2863 1503 2948 ingre-

356 2961 496 3028 diuntur
516 2961 564 3028 ibi
587 2966 817 3048 succumbunt,
846 2964 934 3051 quod
961 2962 1083 3028 habent
1106 2972 1256 3027 exsuctas
1279 2963 1320 3028 ab
1344 2963 1412 3029 sele
1434 2966 1502 3028 ani-

355 3086 486 3129 morum
507 3065 656 3132 virtutes.
701 3069 757 3155 qui
778 3088 855 3132 vero
878 3065 1080 3150 refrigeratis
1103 3073 1281 3129 nascuntur
1302 3065 1502 3150 regionibns,

354 3164 401 3230 ad
422 3185 587 3231 armorum
608 3166 847 3234 vehementiam
869 3168 1049 3256 paratiores
1073 3175 1148 3231 sunt
1176 3168 1302 3252 magnis
1325 3167 1502 3233 virtutibus

355 3266 431 3334 sine
452 3268 580 3352 timore,
603 3268 661 3334 sed
682 3270 838 3335 tarditate
859 3270 960 3335 animi
982 3270 1053 3334 sine
1075 3267 1315 3334 considerantia
1337 3270 1502 3335 inruentes
1521 3283 1553 3331 ‘ro

355 3369 431 3433 sine
453 3367 600 3434 sollertia
627 3372 695 3437 suis
724 3371 869 3437 consiliis
897 3370 1114 3457 refragantur.
1159 3392 1231 3435 cum
1255 3393 1332 3457 ergo
1353 3372 1433 3438 haec
1456 3374 1503 3438 ita

353 3471 426 3535 sint
447 3470 489 3535 ab
510 3480 627 3538 natura
647 3494 755 3539 rerum
777 3474 811 3538 in
834 3473 955 3539 mundo
977 3472 1145 3538 conlocata
1167 3482 1199 3538 et
1221 3496 1331 3540 omnes
1354 3475 1502 3539 nationes

354 3571 573 3639 inmoderatis
594 3575 809 3641 mixtionibus
832 3574 1035 3663 disparatae,
1063 3596 1158 3639 veros
1182 3577 1267 3641 inter
1290 3577 1432 3663 spatium
1454 3586 1501 3644 to-

427 3882 585 3934 reumatur
602 3883 628 3934 Ε
647 3880 823 3951 (aenG).i13
841 3883 1000 3935 demittatur
1019 3886 1047 3935 H
1065 3883 1160 3951 (Mb
1180 3885 1334 3936 dimittatur
1353 3884 1402 3934 EG
1420 3883 1473 3948 (Ie).
1487 3882 1500 3949 Η

354 3967 373 4017 5
391 3966 566 4033 discrepabit
583 3967 632 4019 EG
649 3965 711 4035 (L):
734 3968 846 4033 -pauit
864 3968 893 4018 H
915 3968 1041 4035 (-pasiit
1058 3973 1076 4027 i.
1097 3976 1199 4036 -pant
1221 3970 1270 4033 eli).
1293 3966 1305 4035 ΙΙ
1328 3970 1344 4018 6
1363 3970 1502 4019 hominum

356 4065 479 4116 corpora
497 4050 526 4102 H
542 4050 625 4118 (Lle):
653 4068 770 4118 corpora
790 4053 928 4104 hominum
951 4054 1008 4105 EG.
1032 4050 1043 4121 i}
1068 4057 1098 4105 11
1118 4059 1201 4105 acuta
1218 4056 1247 4103 H
1265 4052 1323 4117 (ic):
1348 4058 1430 4103 acuto
1454 4053 1502 4103 EG

357 4133 416 4200 (L).
440 4130 453 4202 ΙΙ
476 4136 508 4187 13
526 4135 668 4188 obstentir'r
680 4136 714 4187 Ε.
737 4133 750 4203 [Ι
774 4139 805 4188 17
824 4138 859 4189 ab
872 4140 1036 4190 mutatione:
1055 4140 1092 4189 sie
1105 4139 1189 4190 EGII.
1212 4135 1224 4205 ΙΙ
1243 4137 1427 4202 refrigeratae
1446 4139 1501 4187 ed:

355 4224 425 4271 -ta
440 4218 529 4272 ΕΘΗ.
552 4217 564 4288 11
586 4222 716 4272 immotae
741 4224 797 4272 ert:
824 4223 928 4273 inmota
947 4224 1026 4275 EGII
1042 4223 1113 4289 (hle,
1132 4224 1237 4273 immoti
1256 4221 1311 4286 6⁶).
1335 4217 1347 4288 ss
1370 4224 1401 4271 21
1421 4222 1502 4271 simul

356 4304 388 4355 Il
406 4300 492 4369 (Lle)=
510 4304 593 4357 simul
611 4309 641 4356 ut
658 4306 715 4360 EO.
740 4303 752 4373 ΙΙ
776 4309 808 4357 22
827 4313 956 4358 exsuctas
974 4307 1103 4372 (exactas
1120 4307 1173 4372 Ile)
1193 4307 1246 4357 EI!
1266 4303 1401 4371 (exiuctas
1419 4311 1435 4365 l,
1456 4322 1502 4355 ex·

358 4389 457 4440 subtus
475 4390 507 4454 L,
526 4395 640 4442 exustas
657 4392 725 4456 evm:
745 4396 841 4443 exutas
861 4395 890 4447 G.
914 4390 926 4460 Η
948 4393 1142 4443 revirentibus
1161 4393 1221 4442 sina
1240 4392 1264 4442 L
1283 4389 1338 4456 (qui
1353 4392 1402 4441 sic:
1422 4406 1502 4455 para·

359 4475 444 4525 tiores
466 4476 664 4542 sunt.magnis
691 4477 926 4528 virtutibus.sina
953 4477 1131 4530 timere.scd
1157 4476 1227 4538 ...):
1260 4475 1409 4527 virtutibus
1439 4479 1503 4524 sunt

359 4559 420 4609 siue
439 4558 518 4610 ΕθΗ
534 4556 589 4625 (te).
612 4556 624 4626 ΙΙ
647 4562 680 4611 26
697 4562 875 4627 refragantur
894 4563 956 4613 GH:
980 4561 1177 4627 refrangantur
1201 4560 1232 4610 E.
1257 4557 1270 4627 ΙΙ
1292 4576 1357 4626 ergo
1385 4560 1455 4610 haee
1473 4561 1502 4610 II

360 4642 443 4709 (Ηώς
473 4643 544 4695 haec
567 4645 706 4711 argolici.
730 4642 742 4712 {l
768 4648 800 4697 27
819 4652 847 4697 et
934 4646 1112 4696 mixtionibus
1130 4645 1307 4710 disparatae:
1325 4647 1362 4695 sie
1381 4646 1466 4698 EGH.
1487 4641 1500 4709 ΙΙ

358 4729 392 4779 28
409 4743 490 4780 veros
509 4729 546 4783 Is.
570 4731 657 4782 Vera:
675 4746 742 4782 vere
762 4731 846 4782 ΕΘΗ.
