3984 5825
453 647 496 711 44
943 661 1101 707 vmnuvu

452 827 505 880 tur
533 815 674 902 quidem.
724 817 827 900 igitur
852 836 918 877 non
946 815 981 876 in
1014 814 1163 878 omnibus
1192 813 1272 878 locis
1295 814 1414 900 quibus
1438 808 1600 881 efferrent

452 940 555 1003 aquae
583 917 707 980 calidae
736 915 840 979 crebri
868 915 992 998 fontes,
1024 915 1155 978 eaedem
1178 918 1437 1002 opportunitates
1461 930 1599 1004 possunt

453 1017 604 1083 similiter
631 1039 836 1099 concurrere,
866 1016 923 1081 sed
946 1019 1054 1080 omnia
1076 1018 1126 1081 uti
1147 1027 1263 1082 natura
1284 1039 1393 1081 rerum
1416 1022 1598 1103 constituit,

450 1142 516 1185 non
542 1120 584 1183 ad
613 1118 814 1205 voluptatem
841 1116 1008 1182 hominum
1035 1117 1093 1182 sed
1119 1127 1155 1183 ut
1178 1117 1312 1183 fortuito
1335 1118 1503 1205 disparata
1525 1146 1598 1209 pro-

418 1232 612 1286 screantur.
668 1242 744 1305 ergo
779 1218 897 1306 quibus
931 1218 1010 1284 locis
1040 1243 1105 1285 non
1134 1229 1210 1284 sunt
1237 1222 1355 1284 terrosi
1383 1233 1510 1286 montes
1539 1225 1632 1287 sede

451 1334 581 1387 tenerae
609 1323 779 1404 materiae,
809 1322 895 1406 ignis
923 1322 974 1385 ris
997 1343 1055 1408 per
1077 1323 1146 1385 eius
1169 1343 1268 1386 venas
1292 1322 1464 1406 egrediens
1486 1324 1598 1390 adurit

451 1448 532 1489 eam.
563 1422 650 1510 quod
666 1432 714 1486 est
729 1422 825 1486 molle
841 1432 873 1486 et
887 1433 1036 1487 tenerum
1058 1424 1181 1506 exurit,
1205 1422 1291 1509 quod
1313 1433 1422 1487 autem
1444 1448 1597 1513 asperum

451 1525 615 1613 relinquit.
670 1525 779 1610 itaque
811 1525 860 1587 uti
889 1524 1069 1612 Campania
1097 1534 1213 1589 exusta
1243 1535 1328 1589 terra
1355 1527 1437 1589 cinis
1448 1576 1457 1609 ‚
1487 1529 1536 1591 sio
1563 1529 1598 1592 in

451 1628 585 1692 Etruria
600 1638 734 1692 excocta
748 1629 886 1692 materia
902 1627 1043 1692 efficitur
1057 1625 1282 1690 carbunculus.
1327 1637 1465 1713 utraque
1486 1638 1596 1695 autem

402 1741 433 1788 10
451 1738 527 1794 sunt
543 1730 676 1815 egregia
697 1731 732 1794 in
754 1732 943 1812 structuris,
967 1728 1026 1793 sed
1047 1727 1112 1791 alia
1134 1729 1168 1791 in
1190 1729 1327 1792 terrenis
1349 1727 1509 1793 aedificiis
1532 1729 1597 1795 alia

451 1832 549 1895 etiam
566 1833 600 1895 in
621 1831 794 1896 maritimis
810 1830 950 1897 molibus
972 1829 1094 1894 habent
1116 1830 1281 1894 virtutem.
1327 1839 1507 1895 astantem
1529 1856 1596 1896 ma-

449 1934 552 1996 teriae
573 1942 717 2020 potestas
739 1933 868 1998 mollior
889 1955 986 2019 quam
1008 1931 1107 2014 tofus,
1131 1929 1265 1995 solidior
1287 1954 1384 2018 quam
1405 1943 1508 2016 terra,
1533 1958 1597 2021 qua

450 2035 580 2121 penitus
608 2035 650 2099 ab
678 2037 744 2098 imo
772 2035 979 2098 vehementia
1006 2035 1138 2120 vaporis
1166 2031 1299 2114 adusta,
1328 2033 1492 2098 nonnullis
1515 2035 1595 2100 locis

450 2147 639 2222 procreatur
661 2136 696 2199 id
717 2158 819 2220 genus
842 2135 983 2198 harenae
1006 2134 1093 2220 quod
1116 2134 1237 2198 dicitur
1258 2134 1483 2200 carbunculus.

378 2243 432 2294 Vll
536 2238 587 2300 De
609 2235 697 2299 calce
719 2248 751 2302 et
773 2237 893 2300 harena
915 2235 1035 2322 quibus
1058 2235 1271 2299 varietatibus
1294 2237 1360 2300 sint
1381 2247 1413 2301 et
1435 2259 1516 2322 quas
1539 2237 1627 2300 ha-1

402 2348 433 2394 16
451 2339 549 2402 beant
571 2338 710 2401 virtutes
733 2337 815 2401 dixi.
865 2338 1014 2423 sequitur
1041 2336 1119 2401 ordo
1148 2336 1189 2399 de
1211 2336 1395 2423 lapidicinis
1419 2337 1594 2424 explicare,

451 2439 493 2501 de
525 2437 643 2523 quibus
678 2449 710 2503 et
740 2438 898 2524 quadrata
929 2461 1009 2503 saxa
1037 2447 1069 2502 et
1097 2448 1337 2502 caementorum
1369 2438 1412 2502 ad
1443 2438 1595 2503 aedificia

452 2540 640 2603 eximuntur
666 2541 778 2626 copiae
806 2551 838 2604 et
865 2553 1102 2626 comparantur.
1147 2541 1227 2603 haec
1254 2549 1363 2603 autem
1384 2541 1596 2605 inveniuntur

452 2662 524 2704 esse
553 2640 748 2726 disparibus
767 2650 800 2704 ct
827 2640 1043 2706 dissimihbus
1071 2640 1259 2705 virtutibus.
1305 2651 1380 2705 sunt
1403 2644 1488 2705 enim
1510 2641 1595 2706 aliae

401 2753 434 2801 ‘20
451 2739 564 2805 molles
576 2790 585 2823 ‚
620 2744 668 2806 uti
701 2752 777 2807 srmt
809 2744 895 2806 circa
922 2744 1037 2807 urbem
1064 2741 1195 2806 Rubrae
1222 2741 1389 2807 Pallenses
1418 2743 1595 2807 Fidenates

451 2841 611 2927 Albanae,
633 2843 717 2908 aliae
738 2854 948 2933 temperatae,
970 2848 1022 2910 uti
1036 2844 1229 2908 Tiburtinae
1251 2845 1478 2908 Amiterninae
1500 2845 1594 2910 Sora-

452 2946 559 3011 ctinae
581 2957 613 3013 et
635 2968 717 3033 quae
738 2956 813 3011 sunt
834 2947 885 3012 his
907 2947 1099 3033 generibus,
1127 2945 1300 3011 nonnullae
1322 2946 1433 3029 durae,
1455 2950 1505 3012 uti
1527 2947 1595 3011 sili-

451 3070 536 3112 ecae.
581 3060 656 3114 sunt
684 3051 781 3115 etiam
803 3048 868 3113 aha
889 3072 1009 3134 genera
1031 3048 1140 3137 plura,
1169 3050 1218 3112 uti
1240 3050 1275 3111 in
1297 3048 1476 3135 Campania
1497 3049 1595 3113 ruber

452 3160 484 3214 et
503 3151 598 3235 niger
619 3149 722 3233 tofus,
746 3153 781 3214 in
796 3150 934 3216 Umbria
956 3162 988 3216 et
1004 3151 1123 3214 Piceno
1146 3160 1177 3214 et
1200 3151 1234 3213 in
1249 3149 1390 3215 Venetia
1411 3149 1516 3231 albus,
1539 3153 1595 3237 qui

399 3264 433 3311 25
452 3253 550 3315 etiam
584 3273 672 3315 serra
706 3252 838 3315 dentata
871 3253 920 3315 uti
952 3250 1094 3336 lignum
1111 3261 1248 3315 secatur.
1293 3251 1352 3315 sed
1380 3251 1459 3315 liaec
1488 3254 1627 3315 omnia2

451 3374 534 3437 quac
569 3349 680 3414 mollia
713 3363 788 3416 sunt
819 3351 904 3416 hano
930 3352 1051 3417 habent
1078 3352 1254 3417 utilitatem
1282 3352 1370 3438 quod
1400 3376 1441 3418 ex
1463 3356 1491 3417 is
1514 3376 1595 3418 saxa

452 3475 524 3516 cum
552 3462 627 3515 sunt
656 3462 808 3539 exempta
833 3454 869 3516 in
891 3475 988 3540 opere
1010 3454 1152 3519 faciliter
1173 3464 1363 3519 tractantur.
1414 3466 1445 3520 et
1468 3456 1496 3519 si
1519 3466 1595 3519 sunt

519 3660 535 3706 2
555 3657 633 3707 edem
650 3660 848 3723 oportunitatis
866 3662 895 3710 H
913 3659 959 3725 (tr,
979 3661 1100 3712 eiusdem
1123 3664 1321 3726 oportunitatis
1339 3663 1389 3727 L),
1409 3663 1504 3727 eedem
1523 3660 1594 3726 (ante

451 3758 504 3793 rra.
518 3740 637 3807 etedem)
650 3744 870 3807 opportunitates
884 3744 975 3808 G(sed
991 3748 1059 3796 inter
1071 3749 1114 3797 lin.
1123 3748 1162 3797 G⁶
1179 3746 1226 3797 uel
1238 3748 1331 3799 eiusde
1349 3747 1567 3813 oportunitatis).
1579 3743 1592 3811 ΙΙ

450 3864 467 3911 4
484 3876 540 3911 non
557 3860 594 3911 ad
612 3861 664 3911 GH
682 3860 725 3924 (L,
745 3878 799 3912 non
817 3868 848 3912 ut
866 3864 900 3913 ad
918 3863 962 3928 lc).
983 3862 995 3930 ΙΙ
1015 3866 1131 3916 fortuito
1145 3866 1196 3916 GH
1201 3882 1210 3915 .·
1229 3840 1343 3930 forturtd
1364 3837 1540 3928 uersanti
1554 3866 1596 3914 Hc

451 3946 578 4005 (fortuitu
596 3944 673 4006 Llel..
689 3942 701 4011 ΙΙ
724 3948 871 3997 Gtenerae
893 3949 957 4002 Lor.
982 3947 1027 4012 (cf.
1043 3967 1071 4013 p.
1091 3954 1133 4008 41,
1153 3951 1209 4012 16):
1232 3966 1333 4015 genere
1357 3950 1416 4002 GH.
1445 3945 1457 4014 Η
1486 3951 1547 3999 eius
1565 3950 1594 3998 H

452 4030 536 4093 (Llclz
557 4030 585 4080 ei
603 4030 633 4080 G.
649 4027 692 4095 118
711 4032 752 4080 nti
772 4034 933 4097 campania:
951 4036 988 4083 ric
1009 4034 1067 4083 GH.
1088 4030 1101 4100 ΙΙ
1124 4036 1154 4083 12
1167 4037 1259 4101 terrae}
1278 4036 1315 4085 H.
1338 4030 1350 4099 ΙΙ
1374 4049 1444 4099 qua.
1457 4071 1480 4082 ..
1495 4034 1595 4084 adusta

450 4116 517 4164 Fea:
537 4130 591 4178 qno
603 4150 610 4163 .
622 4152 646 4168 ..
665 4114 764 4165 adusto
784 4116 842 4169 GH.
865 4114 877 4182 Η
901 4119 933 4166 14
953 4117 993 4166 id:
1013 4117 1055 4167 ide
1073 4126 1132 4168 ante
1150 4135 1204 4172 ras.
1225 4119 1253 4170 G.
1282 4115 1294 4184 ΙΙ
1323 4121 1354 4168 18
1371 4118 1442 4168 haee
1462 4115 1526 4183 (heo
1547 4119 1592 4181 G):

449 4200 487 4248 aie
506 4199 564 4248 GH.
592 4195 604 4262 ΙΙ
632 4201 665 4249 20
683 4199 839 4264 pallenses:
862 4203 900 4251 sic
924 4201 982 4251 GH.
1006 4196 1073 4266 [1⁴21
1093 4202 1246 4252 tiburtinae
1271 4201 1369 4266 G(lc):
1394 4201 1545 4252 tibertinae
1565 4204 1596 4251 H

421 4303 425 4310 r
451 4282 506 4342 (L).
530 4279 542 4348 ΙΙ
566 4283 730 4348 amiternina
752 4283 845 4349 (Ltclz
868 4286 1059 4338 ameteruinae
1078 4281 1168 4351 (-ne)
1190 4287 1241 4336 GH
1259 4287 1314 4350 (le).
1339 4282 1350 4352 ΙΙ
1378 4289 1410 4335 22
1428 4284 1451 4335 δι
1467 4288 1593 4352 {qneG

451 4364 516 4427 (cum
532 4382 586 4418 raa.
605 4370 622 4415 2
643 4369 704 4426 tite,
725 4368 789 4430 sort.
813 4368 835 4417 si
856 4372 896 4419 vel
917 4370 938 4417 ii
959 4384 1023 4435 quaa
1044 4371 1145 4433 punctis
1167 4378 1227 4420 ante
1250 4387 1303 4420 ras.
1323 4370 1556 4436 relevassem).
1578 4367 1591 4436 Η

451 4450 599 4513 generibus
624 4451 677 4501 GH
698 4453 746 4514 (L,
770 4453 929 4517 regionibus
952 4451 996 4517 tc).
1023 4448 1036 4517 ΙΙ
1062 4451 1192 4519 silioe{p
1214 4471 1268 4504 eum
1289 4471 1344 4505 raa.
1365 4456 1394 4506 G.
1420 4455 1518 4517 (suerat
1536 4456 1596 4505 sili-

452 4532 536 4597 cete),
555 4535 663 4585 siliciae
683 4536 712 4585 H
729 4535 831 4600 (silicie
843 4538 914 4596 Lero,
933 4534 1075 4601 inliciat).
1099 4532 1111 4601 ΙΙ
1134 4539 1167 4586 23
1186 4538 1269 4587 ruber
1287 4544 1315 4588 et
1332 4540 1410 4603 niger
1428 4539 1502 4587 tofus
1520 4541 1591 4590 doc:

451 4615 561 4666 rubrum
580 4624 608 4667 et
626 4620 734 4683 nigrum
752 4621 840 4670 tolum
859 4620 917 4670 GH.
942 4617 955 4686 ΙΙ
976 4621 1010 4668 24
1028 4619 1135 4670 umbria
1154 4622 1182 4670 H
1201 4618 1249 4684 (L,
1272 4623 1368 4671 umbra
1386 4627 1407 4682 l,
1426 4624 1517 4672 umbri
1539 4624 1590 4687 ct),

451 4698 548 4749 umbra
567 4702 597 4751 G.
620 4698 632 4766 ΙΙ
656 4703 735 4753 albus
753 4704 799 4767 qui
816 4704 888 4754 doe:
907 4703 986 4754 albus
1006 4703 1075 4769 (alb3
1095 4704 1127 4769 G)
1146 4705 1218 4769 quod
1238 4706 1296 4760 GH.
1320 4702 1332 4771 ΙΙ
1355 4707 1388 4755 26
1406 4706 1444 4755 is:
1469 4706 1513 4755 his
1533 4707 1590 4757 GH.
