3984 5825
442 662 482 725 16
927 674 1084 721 ursum

443 829 573 892 bulosus
610 811 673 892 non
712 830 887 914 pruinosus
925 828 1141 912 regionesque
1179 827 1260 889 caeli
1293 839 1448 914 spectans
1482 852 1585 916 neque

439 942 606 994 aemumas
633 951 738 1014 neque
766 929 905 1012 frigidas
934 928 991 990 sed
1018 942 1231 1012 temperatas,
1260 928 1382 992 deinde
1409 933 1439 993 si
1466 931 1584 995 vitabi-

438 1048 491 1095 tur
511 1030 666 1118 palustris
687 1029 851 1093 vicinitas.
896 1051 969 1092 curn
992 1030 1078 1091 enim
1099 1051 1198 1093 aurae
1219 1032 1400 1094 matutinae
1423 1055 1499 1097 cum
1521 1033 1585 1098 sole

441 1135 565 1196 oriente
591 1133 634 1194 ad
661 1130 818 1217 oppidum
845 1131 1037 1215 pervenient
1065 1144 1097 1193 et
1119 1131 1171 1194 his
1194 1144 1284 1194 cimae
1305 1132 1448 1196 nebulae
1470 1134 1583 1199 adiun-

412 1245 563 1317 egentur
593 1235 790 1319 spiritusque
816 1232 994 1295 bestiarum
1017 1231 1210 1318 palustrium
1233 1245 1413 1298 venenatos
1436 1257 1512 1299 cum
1533 1257 1583 1298 ne-

440 1334 517 1398 bula
538 1336 658 1398 mixtos
682 1336 715 1397 in
738 1334 958 1397 habitatorum
981 1355 1116 1418 corpora
1139 1334 1218 1397 flatu
1241 1348 1417 1420 spargent,
1442 1335 1584 1400 efficient

439 1435 545 1500 locum
571 1435 788 1522 pestilentem.
842 1438 922 1499 item
955 1437 983 1497 si
1011 1436 1190 1497 secundum
1216 1458 1307 1498 mare
1335 1439 1584 1501 erunt-moenia

439 1537 695 1624 spectabuntque
722 1538 765 1601 ad
792 1537 962 1600 meridiem
989 1546 1047 1600 aut
1068 1535 1271 1600 accidentem
1292 1561 1359 1602 uon
1381 1549 1479 1603 amnt
1501 1539 1582 1604 salu-

439 1639 510 1703 bria
517 1689 526 1720 ,
554 1639 642 1724 quod
663 1662 722 1726 per
747 1649 905 1701 aestatem
931 1637 1056 1703 caelum
1084 1637 1301 1702 meridianum
1324 1638 1394 1704 sole
1416 1643 1584 1706 exoriente

389 1741 571 1804 recalescit
605 1741 742 1805 meridie
773 1739 885 1821 ardet,
918 1741 997 1802 item
1025 1739 1112 1825 quod
1146 1751 1273 1826 spectat
1304 1742 1346 1804 ad
1381 1741 1583 1815 occidentem

438 1842 505 1905 sole
536 1853 649 1907 exorto
682 1842 820 1928 tepescit
852 1841 990 1904 meridie
1022 1841 1107 1903 calet
1139 1863 1276 1927 vespere
1308 1842 1428 1906 ferret.
1484 1845 1611 1929 igitura

438 1943 670 2008 mutationibus
698 1944 814 2007 caloris
842 1953 875 2005 et
901 1942 1160 2027 refrigerationis
1189 1965 1325 2030 corpora
1353 1967 1437 2031 quae
1470 1947 1506 2008 iu
1533 1945 1581 2010 his

437 2045 518 2109 locis
545 2055 620 2108 sunt
643 2045 857 2108 vitiabuntur.
887 2044 948 2107 hoc
968 2054 1078 2107 autem
1101 2043 1177 2107 licet
1198 2045 1463 2110 animadvertere
1485 2049 1582 2112 etiam

438 2147 522 2211 exis
545 2168 628 2231 quae
650 2169 713 2209 non
729 2155 804 2209 sunt
824 2144 989 2208 animalia.
1034 2146 1067 2207 in
1089 2145 1178 2208 cellis
1207 2149 1294 2210 enim
1321 2148 1461 2213 vinariis
1489 2149 1581 2213 tectis

389 2263 421 2310 ta
438 2247 560 2312 lumina
575 2269 669 2311 nemo
684 2250 773 2333 capit
792 2269 813 2309 a
834 2246 971 2310 meridie
992 2267 1053 2308 nec
1073 2246 1116 2308 ab
1137 2248 1309 2312 occidente
1331 2249 1390 2312 sed
1412 2272 1433 2312 a
1455 2261 1581 2338 septen-

438 2350 560 2431 trione,
589 2349 675 2434 quod
703 2370 740 2410 ea
768 2348 859 2432 regio
888 2347 975 2412 nullo
997 2357 1143 2434 tempore
1164 2351 1361 2414 mutationes
1384 2353 1503 2438 recipit
1525 2352 1606 2445 sedv

439 2460 489 2513 est
515 2451 607 2513 firma
635 2459 791 2536 perpetuo
820 2460 852 2513 et
879 2448 1092 2514 inmutabilis.
1142 2449 1216 2514 idco
1245 2453 1342 2515 etiam
1372 2475 1410 2515 ea
1432 2455 1582 2538 granaria

439 2574 521 2639 quae
548 2552 591 2614 ad
618 2550 696 2615 solis
719 2573 847 2615 crirsum
870 2562 1017 2637 spectant
1040 2551 1219 2615 bonitatem
1241 2554 1306 2617 cito
1328 2563 1466 2636 mutant,
1489 2555 1580 2618 obso-

439 2656 557 2739 niaque
582 2663 615 2716 ct
642 2675 737 2740 poma
766 2675 849 2740 quae
876 2676 941 2717 non
967 2655 1003 2717 in
1032 2674 1069 2715 ea
1095 2663 1187 2739 pa1te
1210 2654 1290 2717 caeli
1312 2666 1479 2741 ponuntur
1502 2678 1581 2743 quae

388 2770 422 2818 20
440 2766 490 2821 cst
521 2777 637 2819 aversa
662 2778 683 2818 a
704 2755 782 2820 solis
810 2777 922 2837 cursu,
955 2777 1022 2819 non
1048 2753 1106 2817 diu
1128 2765 1310 2820 servantur.
1353 2779 1430 2820 nam
1453 2780 1581 2845 semper
1596 2756 1619 2821 3'

437 2857 525 2922 calor
546 2878 619 2922 cum
642 2857 795 2944 excoquit
817 2879 835 2921 e
857 2856 954 2922 rebus
976 2856 1164 2921 firmitatem
1187 2866 1219 2921 ct
1241 2858 1418 2944 vaporibus
1442 2858 1579 2925 fervidis

437 2962 534 3048 cripit
562 2959 735 3046 exugendc
762 2958 926 3024 naturales
953 2961 1110 3041 virtutes,
1140 2959 1292 3023 dissolvit
1320 2982 1372 3024 eas
1396 2971 1429 3024 et
1450 2962 1580 3027 fervore

435 3061 661 3128 mollescentes
684 3061 786 3126 efficit
807 3060 987 3126 inbecillas.
1031 3071 1068 3125 ut
1090 3062 1187 3124 etiam
1209 3062 1244 3124 in
1266 3060 1351 3126 ferro
1373 3063 1578 3127 animadver-

433 3166 548 3248 timus,
583 3164 670 3251 quod
703 3164 852 3250 quamvis
881 3173 997 3227 natura
1012 3163 1069 3243 psit
1096 3161 1229 3245 durum,
1262 3164 1297 3226 in
1324 3163 1512 3229 fornacibus
1536 3164 1578 3229 ab

383 3282 416 3332 ‘zo
434 3266 521 3350 iguis
549 3287 670 3350 vapore
697 3264 950 3350 percalefactum
977 3260 1025 3326 ita
1051 3262 1213 3328 mollescit
1234 3266 1282 3328 uti
1304 3267 1338 3328 in
1361 3288 1455 3330 omne
1476 3288 1578 3351 genus

434 3367 557 3431 fortnas
585 3366 726 3429 faciliter
752 3365 946 3445 fabricetur,
976 3375 1008 3428 ct
1036 3364 1123 3428 idem
1152 3386 1225 3428 cum
1251 3365 1348 3430 molle
1376 3376 1409 3431 et
1436 3368 1578 3432 candens

435 3467 661 3554 refrigeretur,
690 3469 827 3531 tinctum
849 3466 971 3552 frigida
992 3466 1175 3530 redurescit
1202 3477 1234 3530 et
1255 3469 1440 3532 restituitur
1466 3471 1501 3532 in
1521 3492 1574 3532 an·

330 3615 334 3622 ·
434 3570 558 3656 tiqmuu
583 3568 824 3657 proprietatem.
874 3568 950 3632 licet
978 3569 1077 3632 etiam
1105 3568 1310 3632 considerare
1337 3569 1418 3633 haec
1440 3571 1486 3633 ita
1509 3583 1607 3633 esset

434 3693 474 3735 ux
511 3694 548 3734 eo
581 3671 668 3758 quod
700 3679 824 3735 aestate
859 3693 924 3734 non
957 3667 1061 3733 solum
1094 3670 1129 3732 in
1156 3670 1384 3757 pestilentibus
1412 3670 1493 3735 locis
1520 3671 1576 3735 sed

384 3791 416 3839 oo
435 3774 531 3837 utiruu
562 3773 593 3836 iu
623 3770 808 3837 salubribus
831 3775 939 3836 omnia
961 3793 1096 3858 corpora
1119 3772 1225 3835 calore
1246 3773 1327 3836 fiant
1348 3771 1517 3853 inbecilla,
1545 3780 1576 3835 et

501 4020 516 4066 2
537 4014 652 4079 frigidos
675 4021 735 4066 ante
752 4030 823 4064 corr.
843 3985 881 4080 (d)
900 4016 936 4063 H.
949 4011 998 4080 1Ιεὶ
1015 4014 1085 4063 doe:
1103 4014 1141 4063 sic
1160 4012 1219 4062 GH.
1243 4009 1255 4078 Η
1277 4013 1423 4078 3palustri
1435 4020 1495 4063 aute
1507 4028 1574 4063 corr.

435 4133 487 4198 (qul
505 4135 567 4187 urld.
585 4134 609 4198 s)
631 4135 659 4183 H.
684 4130 695 4199 Η
718 4132 916 4198 oplaustrium
938 4140 998 4183 aare
1021 4148 1089 4182 corr.
1113 4133 1149 4181 H.
1168 4128 1180 4197 Η
1196 4131 1341 4181 venenatis
1364 4137 1422 4180 ante
1444 4146 1512 4180 corr.
1535 4097 1574 4193 (i)

437 4217 470 4267 ΙΙ,
492 4214 503 4282 Η
526 4218 641 4268 ortatu:
664 4220 702 4267 ate
721 4219 772 4267 011
785 4216 827 4280 (le,
851 4217 932 4267 flatus
950 4217 994 4281 L).
1020 4213 1031 4283 Η
1060 4216 1178 4281 9quod:
1203 4216 1268 4280 quia
1288 4215 1316 4264 θ.
1343 4211 1354 4281 Η
1380 4217 1410 4265 12
1428 4215 1574 4279 refrigera·

434 4301 516 4349 tionis
537 4303 586 4351 HI!
605 4302 650 4365 (l.
669 4303 784 4352 --uibus
802 4301 845 4367 Ic).
869 4297 881 4366 Η
905 4303 936 4350 14
954 4302 978 4349 is
998 4299 1044 4364 (iis
1061 4300 1142 4363 dccl:
1166 4301 1210 4350 his
1230 4300 1287 4350 GH.
1309 4296 1321 4365 Η
1345 4302 1376 4349 15
1396 4299 1500 4350 amedie
1517 4305 1575 4348 ante

435 4399 502 4433 rora
529 4387 562 4438 H.
590 4382 602 4450 Η
627 4388 657 4436 lt
682 4386 843 4437 mutationis
865 4390 925 4433 unte
949 4400 1017 4437 corr.
1036 4386 1073 4437 H.
1099 4382 1111 4451 Η
1140 4387 1170 4435 17
1194 4385 1277 4434 etiam
1296 4400 1330 4433 ea
1352 4400 1411 4448 epo:
1440 4386 1524 4433 etiam
1547 4386 1576 4431 et

356 4472 361 4483 ’
437 4460 525 4524 (fuum
544 4468 566 4517 dc
587 4470 624 4532 H)
645 4473 703 4522 llll.
729 4468 740 4537 Η
763 4473 794 4521 21
815 4486 829 4520 e
849 4469 930 4518 rebus
949 4468 977 4531 (a
995 4470 1078 4519 rebus
1096 4468 1189 4531 Patet:
1208 4470 1319 4518 aerrbus
1339 4467 1398 4532 (pro
1417 4468 1574 4518 corebus:

439 4561 453 4591 o
472 4548 563 4611 robus)
584 4553 641 4603 (HI.
658 4550 671 4619 Η
688 4555 811 4606 fervidus
829 4561 889 4604 unte
906 4568 960 4602 rus.
981 4553 1011 4602 G.
1032 4549 1044 4618 Η
1067 4555 1099 4601 22
1119 4552 1276 4617 exsugendo
1295 4559 1353 4601 ante
1371 4570 1440 4606 corr.
1460 4553 1489 4615 G,
1511 4566 1574 4601 exu-

439 4628 527 4689 gsudo
546 4633 573 4680 H
586 4633 663 4698 (octe,
683 4640 818 4690 oxurcudo
839 4638 883 4702 L).
905 4633 917 4703 Η
940 4637 973 4687 25
991 4638 1033 4685 uti
1050 4638 1093 4685 in:
1111 4639 1149 4685 sic
1168 4636 1225 4687 GH.
1244 4632 1256 4701 Η
1273 4639 1345 4686 omni
1364 4638 1398 4688 H.
1419 4634 1431 4702 Η
1451 4638 1483 4687 27
1495 4634 1573 4686 redu·

440 4711 524 4758 rescit
540 4713 608 4763 doe:
629 4725 707 4767 *cat
727 4722 785 4771 GH.
807 4719 819 4787 Η
839 4721 993 4771 restituitur
1011 4723 1081 4773 doe:
1102 4724 1228 4768 -tuatur
1249 4722 1306 4770 GH.
