3984 5825
596 650 644 704 ns
667 649 828 706 urvassts
851 647 1011 705 atumem
1034 646 1373 704 Anourracrouicna.
1494 633 1556 705 301

413 813 528 876 eadem
543 813 669 876 ratione
691 821 723 875 et
746 812 858 898 planas
880 832 1023 874 cameras
1039 810 1151 874 facies.
1195 808 1308 874 utilius
1323 819 1432 872 autem
1448 809 1557 896 dispo-

412 925 524 996 netur,
554 914 582 978 si
603 912 737 997 regulae
765 911 818 974 vel
840 934 933 975 arcus
957 911 1055 974 ferrei
1077 911 1173 993 fiant,
1200 921 1237 975 ut
1259 913 1352 975 uncis
1375 910 1491 974 ferreis
1514 910 1556 973 ad

413 1018 690 1100 contignationem
719 1013 960 1099 suspendantur
981 1013 1028 1076 ita
1049 1023 1086 1077 ut
1107 1012 1291 1097 tegularum
1313 1014 1481 1076 iuncturae
1505 1035 1556 1077 su·

413 1141 472 1203 per
495 1116 625 1201 regulas
649 1113 701 1178 vel
722 1136 818 1178 arcus
840 1115 1042 1178 recumbant.
1082 1117 1265 1202 superiores
1289 1125 1366 1200 ergo
1388 1116 1557 1178 iuncturae

374 1233 457 1282 sex
484 1217 602 1305 capillo
631 1227 663 1280 et
685 1215 801 1300 argilla
829 1216 965 1280 subacta
991 1217 1145 1280 linantur.
1189 1216 1325 1280 inferior
1351 1226 1459 1280 autem
1482 1239 1556 1302 pars

413 1322 582 1383 iuncturae
612 1339 694 1404 quae
720 1318 763 1380 ad
793 1320 1017 1403 pavimentum
1046 1317 1208 1405 spectabit
1236 1319 1340 1404 primo
1368 1317 1456 1381 calce
1484 1340 1557 1381 cum

415 1431 500 1485 testa
523 1430 703 1506 temperata
725 1416 919 1502 trullizetur,
944 1419 1063 1482 deinde
1085 1418 1208 1483 albario
1224 1422 1295 1483 sive
1310 1422 1447 1484 tectorio
1462 1443 1559 1507 opere

415 1522 598 1586 inducatur.
642 1522 744 1584 maior
772 1531 881 1584 tamen
904 1531 935 1584 et
958 1522 1150 1606 diligentiae
1173 1531 1205 1585 et
1226 1521 1379 1586 utilitatis
1401 1524 1485 1616 ratio
1508 1524 1557 1585 vi-

415 1625 521 1706 detur,
545 1626 574 1688 si
596 1621 742 1709 duplices
766 1622 956 1686 balnearum
979 1645 1126 1686 camerae
1147 1624 1237 1705 fiant,
1260 1623 1396 1687 inferior
1411 1646 1557 1687 caemen-

363 1737 398 1787 10
415 1726 493 1788 ticia
516 1734 548 1788 et
571 1725 719 1810 superior
747 1745 915 1811 suspensa.
959 1725 1045 1787 inter
1074 1724 1154 1789 duas
1184 1727 1270 1788 enirn
1299 1747 1442 1788 cameras
1466 1748 1559 1790 umor

414 1837 558 1890 retentus
582 1847 758 1910 numquam
780 1825 912 1889 vitiabit
935 1828 1204 1910 contignationes.
1249 1826 1436 1891 sudationes
1460 1829 1558 1891 etiam

415 1927 670 2014 praestabuntur
691 1925 851 1990 meliores.

502 2027 782 2092 Considerandum
805 2029 867 2095 erit
888 2038 926 2091 ut
945 2028 1049 2092 solum
1064 2029 1192 2091 firmum
1208 2030 1252 2092 sit
1267 2039 1299 2092 et
1313 2029 1459 2114 aequale,
1483 2040 1560 2094 tunc
1574 2032 1651 2072 XVffl·
1680 2033 1710 2072 ¹³⁰

1574 2083 1709 2135 expohdoni

415 2131 516 2193 rudus
538 2129 713 2192 inducatur
735 2138 766 2192 et
788 2128 936 2193 vectibus
953 2128 1072 2215 ligneis
1088 2139 1260 2195 contusum
1275 2130 1428 2194 calcetur.
1462 2155 1559 2219 supra
1583 2136 1622 2174 *³¹¹⁵
1636 2136 1696 2186 ΡΜ·

1573 2191 1701 2225 mentorum.

367 2249 398 2295 15
415 2233 553 2316 inpensa
579 2240 721 2294 testacca
749 2231 889 2295 crassior
916 2232 1090 2296 inducatur
1112 2241 1143 2295 et
1165 2233 1283 2296 iterum
1311 2232 1461 2297 vectibus
1485 2255 1559 2297 con·
1583 2270 1638 2310 vm,
1653 2273 1697 2319 μ

415 2342 489 2395 tusa
517 2330 683 2396 solidetur.
729 2332 825 2395 tertio
854 2332 991 2397 nucleus
1020 2333 1128 2397 idest
1155 2335 1292 2420 inpensa
1314 2333 1442 2399 mollior
1463 2334 1558 2399 indu-

416 2443 519 2515 catur,
540 2443 571 2496 et
587 2432 799 2519 politionibus
816 2434 946 2497 insistat
961 2457 1002 2497 ne
1017 2437 1115 2498 rimas
1132 2434 1265 2501 inutiles
1282 2439 1372 2524 operi
1386 2437 1559 2523 relinquat.

501 2535 541 2596 ln
569 2535 866 2617 contignationibus
896 2534 1071 2619 diligenter
1101 2538 1345 2625 respiciendum
1373 2548 1422 2603 est
1449 2548 1486 2602 ut
1509 2562 1560 2602 ae·
1588 2541 1646 2580 XlX·
1670 2541 1698 2580 ¹³⁰

1576 2593 1702 2645 pavnncnds

417 2635 557 2723 qualitas
581 2634 642 2701 soli
665 2634 836 2719 dirigatur.
879 2638 956 2700 item
979 2636 1088 2700 danda
1111 2648 1160 2702 est
1182 2660 1280 2724 opera
1302 2661 1342 2701 nc
1364 2661 1444 2704 axes
1468 2655 1710 2727 quer-⁸⁰1¹ffl00'1·

1572 2694 1710 2741 dgnaaonem

365 2758 398 2805 20
417 2740 467 2801 cei
490 2760 563 2800 cmn
584 2735 759 2800 aesculinis
778 2740 1058 2803 commisceantur.
1095 2762 1170 2803 nam
1186 2760 1323 2824 quercus
1340 2762 1414 2802 cum
1428 2751 1561 2827 accepto
1588 2740 1697 2784 indende·

416 2861 528 2904 umore
563 2841 739 2904 siccescere
772 2842 915 2926 coeperit
941 2851 1097 2905 arcuatur
1124 2851 1156 2903 et
1182 2841 1282 2904 rimas
1311 2841 1443 2905 inutiles
1471 2843 1561 2928 operi
1575 2829 1643 2931 (illl
1650 2831 1710 2929 1⁷³¹)

418 2942 553 3024 efficiet,
583 2940 731 3005 aesculus
760 2939 936 3025 diligenter
963 2944 1142 3030 composita
1164 2941 1205 3004 ad
1227 2942 1478 3027 perpetuitatem
1500 2943 1557 3004 du-

416 3044 515 3108 rabit.
553 3064 665 3105 verum
688 3045 717 3106 si
739 3044 849 3128 inopia
871 3043 933 3106 loci
955 3042 1105 3108 aesculus
1127 3043 1277 3127 defuerit,
1300 3045 1335 3106 in
1349 3044 1559 3107 tenuissimos

417 3167 498 3209 axes
526 3166 662 3229 quercus
686 3153 829 3226 secetur,
858 3154 891 3207 et
913 3147 1054 3231 primum
1077 3145 1256 3210 indirecto
1279 3147 1406 3208 iactatis
1428 3144 1559 3227 axibuS,

366 3266 400 3313 25
419 3245 631 3332 sequentibus
654 3248 688 3308 in
710 3256 898 3310 transverso
921 3250 1044 3329 stratis,
1067 3248 1154 3311 binis
1177 3245 1278 3310 clavis
1299 3247 1412 3310 crebro
1427 3247 1469 3309 ad
1485 3269 1558 3309 con-

417 3349 634 3431 tignationem
657 3347 793 3411 confixis
816 3346 942 3411 utiliter
964 3350 1055 3434 operi
1078 3347 1289 3412 subicientur.
1327 3349 1368 3411 de
1391 3370 1481 3411 cerro
1503 3358 1560 3411 aut

418 3449 495 3534 fago
519 3471 577 3514 seu
599 3449 691 3512 farno
714 3449 920 3513 coaxationes
945 3447 1024 3513 haut
1046 3449 1087 3511 ad
1104 3458 1297 3513 vetustatem
1320 3459 1473 3536 poterunt
1488 3472 1559 3539 per-

418 3573 559 3614 manere.
603 3552 733 3614 iactatis
760 3552 795 3613 in
817 3550 965 3614 ordinem
988 3561 1019 3615 et
1042 3552 1230 3637 compositis
1256 3551 1375 3617 axibus
1403 3552 1476 3615 filix
1504 3563 1561 3616 aut

491 3781 502 3824 1
523 3776 682 3841 disponetur
698 3792 725 3826 v:
746 3774 867 3839 quod(qd
876 3773 1025 3840 plponetur
1035 3791 1078 3840 pp.
1102 3772 1118 3848 Η
1137 3779 1152 3825 2
1169 3778 1250 3827 uncis
1267 3796 1281 3827 υ
1300 3776 1370 3841 (p⁶):
1393 3777 1483 3826 uineis
1501 3782 1559 3825 arete

420 3878 489 3911 corr.
507 3878 535 3925 p,
553 3861 662 3909 uncinis
679 3876 704 3924 p.
725 3856 736 3925 Η
760 3863 775 3909 3
794 3863 824 3907 ut
842 3858 983 3924 egularum
1002 3862 1028 3908 in
1045 3875 1100 3909 ras.
1118 3858 1185 3925 (eg.)
1202 3871 1243 3923 pc.
1263 3857 1275 3924 Η
1298 3864 1313 3910 ὁ
1330 3861 1452 3908 linantur
1464 3877 1508 3923 op:
1528 3860 1560 3907 li-

421 3948 533 3996 niantur
549 3961 566 4009 p
584 3942 689 4008 (Vita).
714 3940 725 4008 Η
748 3945 762 3991 7
780 3942 936 3992 trullizetur
951 3958 995 4006 pp,
1015 3942 1153 3992 trulicduur
1171 3960 1192 3995 υ,
1209 3940 1221 4008 Η
1237 3946 1252 3992 9
1271 3944 1370 3992 ceffitia
1387 3960 1409 3991 v.
1430 3940 1442 4009 Η
1464 3946 1495 3993 10
1513 3943 1560 3992 hu·

421 4045 480 4079 mor
497 4033 622 4078 retentus
633 4039 689 4091 vpct
709 4028 820 4118 huupore
836 4027 840 4091 Ι
856 4032 949 4085 tentus
964 4044 983 4091 p
1002 4034 1027 4076 et
1039 4036 1098 4076 urite
1111 4043 1179 4079 corr.
1196 4044 1220 4091 p.
1244 4025 1256 4092 Η
1280 4029 1309 4075 11
1324 4027 1559 4090 contignationes:

420 4117 459 4163 sic
476 4129 533 4177 opp.
557 4109 569 4178 Η
593 4114 625 4161 14
642 4114 717 4162 rudis
734 4130 757 4161 v.
782 4110 793 4176 Η
817 4112 918 4162 linneis
939 4129 966 4175 p.
989 4108 1002 4177 Η
1027 4114 1057 4161 15
1076 4112 1190 4159 testatia
1212 4126 1269 4174 opp.
1293 4107 1305 4177 Η
1328 4112 1359 4159 17
1377 4110 1514 4175 relinquat
1531 4131 1558 4161 v:

421 4198 595 4260 relinquatur
609 4212 652 4260 pp.
676 4192 688 4262 Η
712 4198 743 4245 18
763 4196 917 4259 aequalitas
934 4212 980 4261 pp:
1001 4195 1126 4260 aequalis
1138 4213 1159 4244 v.
1176 4191 1187 4260 Η
1203 4196 1236 4244 20
1248 4194 1396 4244 cumesculi
1415 4192 1468 4262 (lp)
1489 4212 1560 4246 com-

422 4284 593 4331 misceantur
618 4296 667 4344 vpp
694 4279 751 4342 (om.
776 4284 802 4329 in
824 4283 876 4344 fine
903 4296 991 4329 ocrem
1018 4280 1117 4342 syllaba
1142 4279 1235 4341 —nis).
1262 4275 1276 4343 Η
1302 4281 1333 4328 21
1356 4281 1508 4330 siccescere
1534 4298 1559 4345 p,

425 4368 562 4415 -ciscerc
580 4382 621 4428 op.
646 4361 658 4428 Η
681 4364 794 4413 inutiles
813 4365 888 4428 operi
908 4363 1085 4427 (decentiae)
1104 4379 1160 4427 opp.
1184 4359 1196 4427 Η
1223 4364 1255 4410 22
1274 4365 1365 4427 operis
1385 4372 1446 4428 post
1463 4380 1559 4429 perpe·

422 4450 553 4499 tuitatcm
571 4451 631 4499 add.
649 4464 685 4511 pp
709 4447 766 4511 (om.
786 4447 819 4511 v).
847 4446 858 4513 Η
881 4450 914 4497 24
934 4464 1012 4498 axes:
1031 4462 1111 4495 sares
1129 4464 1151 4500 v.
1173 4442 1185 4511 Η
1205 4447 1238 4496 25
1256 4446 1328 4496 binis
1344 4463 1392 4511 pp:
1415 4448 1493 4497 bonis
1511 4447 1557 4513 υ.Η

422 4535 455 4581 26
474 4526 552 4582 cerro
570 4550 616 4597 op:
635 4536 728 4582 cetero
746 4547 770 4595 p.
787 4528 799 4596 Η
815 4533 846 4580 27
866 4533 946 4581 farno
965 4531 1143 4580 coaxationes
1161 4533 1214 4580 cd:
1235 4530 1342 4581 sarnico
1360 4532 1505 4582 arationes
1521 4548 1559 4595 op,

423 4617 497 4666 farni
517 4618 695 4666 coaxationes
711 4633 739 4679 p.
762 4613 774 4681 Η
797 4616 872 4665 haud
890 4619 944 4667 ed:
964 4621 1013 4665 aut
1030 4633 1086 4679 opp.
1109 4612 1120 4680 Η
1143 4621 1272 4680 poterunt
1291 4614 1370 4678 (-ef
1381 4616 1410 4679 p)
1428 4632 1485 4679 opp.
1497 4611 1508 4680 Η
1526 4618 1560 4665 28

422 4700 482 4750 filix
499 4717 548 4765 app
567 4698 606 4764 (9⁶
619 4702 694 4763 prr'ua
712 4699 783 4763 filex,
802 4702 894 4750 deinde
912 4715 1002 4748 rursus
1019 4698 1096 4763 filix).
