3984 5825
433 641 496 705 204
922 657 1081 703 vrrauvu

433 813 635 898 reperientur
656 812 847 892 varietates,
876 832 934 898 per
956 832 1092 896 quarum
1116 832 1216 874 venas
1245 832 1347 897 aquae
1369 811 1420 873 vis
1448 832 1578 896 percur-

433 934 507 976 rens
523 913 625 976 tincta
640 914 789 999 pervenit
803 913 846 976 ad
867 912 1007 976 fontium
1024 935 1185 997 egressus,
1210 923 1243 978 et
1258 915 1304 976 ita
1319 934 1362 976 ex
1377 934 1415 976 eo
1431 912 1578 1000 dispares

433 1015 583 1100 variique
616 1014 830 1101 perficiuntur
863 1016 898 1078 in
932 1015 1074 1101 propriis
1102 1015 1277 1099 generibus
1310 1014 1417 1079 fontes
1446 1024 1579 1102 propter

433 1114 576 1180 locorum
603 1115 857 1204 discrepantiam
886 1126 918 1179 et
946 1118 1116 1201 regionum
1145 1116 1320 1203 qualitates
1354 1126 1579 1203 terrarumque

400 1217 610 1282 edissimiles
640 1220 864 1306 proprietates.
916 1241 957 1282 ex
984 1218 1036 1282 his
1063 1228 1173 1283 autem
1194 1219 1292 1283 rebus
1321 1229 1399 1282 sunt
1426 1217 1579 1282 nonnulla
1595 1235 1619 1283 at

434 1343 516 1407 quae
544 1341 605 1405 ego
633 1342 691 1407 per
712 1343 764 1383 me
791 1322 961 1408 perspexi,
992 1329 1099 1384 cetera
1127 1322 1163 1384 in
1190 1320 1282 1386 libris
1305 1322 1433 1406 graecis
1458 1323 1579 1408 scripta

434 1421 562 1503 inveni,
597 1444 732 1508 quorum
760 1425 953 1511 scriptorum
985 1422 1019 1486 hi
1054 1432 1129 1487 sunt
1157 1432 1306 1487 auctores
1336 1423 1578 1510 Theophrastos

434 1524 586 1587 Timaeus
615 1523 808 1589 Posidonios
830 1525 992 1610 Hegesias
1016 1524 1203 1589 Herodotus
1226 1525 1391 1590 Aristides
1414 1525 1577 1590 Metrodo-

433 1649 506 1707 rus,
540 1626 596 1712 qui
627 1648 746 1710 magna
773 1626 946 1713 vigilantia
973 1635 1006 1691 et
1039 1625 1166 1691 infinito
1195 1627 1303 1691 studio
1331 1625 1480 1692 locorum
1507 1649 1576 1714 pror

385 1740 416 1787 10
433 1730 606 1815 prietates,
636 1749 793 1813 aquarum
815 1731 969 1810 virtutes,
998 1728 1040 1792 ab
1061 1729 1273 1792 inclinatione
1301 1727 1383 1793 caeli
1409 1729 1577 1814 regionum
1603 1770 1610 1776 -

362 1846 377 1859 ‘
434 1828 608 1916 qualitates
631 1830 678 1893 ita
700 1852 771 1894 esse
794 1830 988 1895 distributas
1004 1831 1135 1918 scriptis
1152 1830 1397 1895 dedicaverunt.
1429 1827 1577 1917 'quornm

434 1942 562 1997 secutus
585 1933 752 2017 ingressus
774 1933 810 1995 in
831 1932 892 1998 hoc
914 1931 998 1996 libro
1019 1933 1194 2020 perscripsi
1219 1956 1301 2020 quae
1323 1934 1403 1997 satis
1426 1953 1501 1996 esse
1522 1921 1582 2020 pu·x

433 2035 501 2098 tavi
525 2033 566 2097 de
588 2055 692 2120 aquae
715 2035 946 2116 varietatibus,
975 2056 1038 2120 quo
1060 2033 1188 2099 facilius
1212 2057 1254 2098 ex
1276 2034 1327 2098 his
1350 2035 1577 2122 praescriptio-

434 2135 531 2200 nibus
554 2134 678 2220 eligant
699 2135 847 2200 homines
862 2157 966 2221 aquae
988 2136 1112 2218 fontes,
1137 2137 1254 2223 quibus
1277 2136 1320 2200 ad
1343 2159 1439 2200 usum
1462 2136 1576 2202 salien-

388 2249 418 2296 15
434 2248 484 2303 tes
506 2239 633 2324 possint
654 2237 697 2300 ad
719 2238 869 2302 civitates
885 2239 1128 2326 municipiaque
1149 2239 1339 2326 perducere.
1382 2236 1474 2302 nulla
1495 2240 1579 2302 enim
1593 2257 1619 2304 a:

435 2363 477 2404 ex
505 2340 654 2403 omnibus
681 2338 780 2403 rebus
807 2348 915 2404 tantas
944 2339 1066 2405 habere
1088 2341 1220 2405 videtur
1246 2340 1290 2404 ad
1316 2363 1412 2406 usum
1440 2341 1578 2404 necessi-

434 2451 518 2506 tates
542 2450 678 2528 quantas
701 2463 801 2527 aqua,
828 2441 902 2506 ideo
926 2441 1180 2530 quodomnium
1201 2442 1391 2507 animalium
1413 2451 1530 2508 natura
1552 2444 1579 2506 si

371 2593 373 2596 -
434 2544 590 2608 frumenti
617 2542 727 2607 fructu
753 2545 882 2632 privata
910 2523 1019 2608 fuerit⁸
1037 2544 1206 2609 arbustive
1236 2554 1294 2608 aut
1322 2566 1419 2608 carne
1446 2554 1505 2610 aut
1532 2545 1578 2632 pi-

435 2656 527 2710 scatu
557 2653 614 2708 aut
647 2644 745 2708 etiam
777 2643 922 2732 qualibet
956 2668 999 2710 ex
1032 2646 1101 2729 his,
1135 2645 1269 2733 reliquis
1303 2647 1402 2710 rebus
1431 2667 1579 2712 escarum

384 2760 417 2807 ⁸20
435 2747 556 2813 utendo
583 2746 704 2835 poterit
731 2749 814 2812 tueri
842 2748 960 2830 vitam,
989 2748 1060 2812 sine
1081 2769 1166 2834 aqua
1188 2770 1265 2812 vero
1288 2770 1348 2812 nec
1370 2771 1490 2836 corpus
1511 2751 1579 2814 ani-

435 2849 569 2915 malium
584 2869 643 2911 neo
658 2847 724 2913 ulla
740 2849 806 2915 eibi
820 2849 925 2914 virtus
948 2858 1056 2937 potest
1077 2851 1168 2915 nasci
1188 2872 1248 2914 nec
1270 2852 1355 2915 tueri
1377 2873 1438 2916 nec
1459 2853 1580 2940 parari.

436 2974 535 3041 quare
563 2973 682 3036 magna
711 2951 883 3037 diligentia
910 2951 1148 3038 industriaque·
1161 2953 1339 3039 quaerendi
1362 2963 1501 3036 suntet
1524 2953 1580 3018 eli-

436 3055 535 3142 gendi
557 3055 664 3119 fontes
687 3053 730 3117 ad
752 3053 913 3119 humanae
935 3055 1025 3118 vitae
1047 3053 1282 3119 salubritatem.

402 3168 424 3215 v
522 3156 742 3244 Expertiones
764 3165 873 3220 autem
895 3166 927 3221 et
951 3155 1159 3242 probationes
1176 3179 1286 3221 eorum
1302 3158 1349 3221 sic
1370 3167 1448 3223 sunt
1471 3161 1580 3246 provi-

385 3259 572 3324 sedandae.
622 3260 649 3323 si
672 3268 767 3324 erunt
795 3257 991 3346 profluentes
1014 3266 1047 3322 et
1067 3260 1183 3346 aperti,
1205 3268 1380 3347 antequam
1401 3259 1480 3325 duci
1501 3262 1580 3326 inei-

436 3364 583 3451 piantur,
606 3361 807 3447 aspiciantur
834 3361 1007 3447 animoque
1034 3360 1248 3426 advertantur
1269 3384 1334 3448 qua
1359 3362 1582 3427 membratura

506 3618 729 3684 lrepperientur
750 3618 837 3669 EGH.
864 3614 876 3681 ΙΙ
903 3633 990 3668 venas
1017 3633 1105 3683 aquae
1132 3619 1174 3670 vis
1197 3621 1238 3670 ed.
1261 3605 1324 3682 (ΜΞ
1354 3635 1442 3671 venas
1465 3622 1582 3686 quaevis

438 3703 583 3770 (quaelvis
601 3703 644 3765 E,
669 3702 781 3768 quevis
805 3701 837 3765 (ι’)
856 3701 942 3756 EGH.
966 3699 978 3769 ΙΙ
1002 3704 1159 3768 isciptorir
1178 3704 1207 3757 (ἰ.
1237 3700 1249 3771 ΙΙ
1274 3704 1315 3753 hii
1333 3704 1369 3754 H.
1392 3700 1404 3770 ΙΙ
1434 3705 1583 3771 theophra-

437 3798 494 3840 stoa
514 3789 590 3839 EGH
608 3787 651 3850 (L,
671 3792 749 3836 -tus
766 3786 808 3851 lc).
832 3782 844 3852 11
867 3787 884 3835 8
901 3788 1021 3839 timaeus
1041 3790 1093 3840 GH
1109 3787 1158 3851 (L,
1178 3789 1277 3839 timeus
1295 3792 1318 3839 le
1336 3796 1362 3839 et
1381 3788 1440 3853 6⁶),
1465 3790 1583 3841 timeeus

437 3876 470 3928 Η.
498 3872 511 3941 ΙΙ
538 3872 697 3940 posidonios
723 3872 802 3923 EGH
831 3870 881 3935 (L,
908 3888 1012 3924 —nens
1037 3873 1081 3938 lc).
1114 3876 1163 3924 sed
1185 3873 1334 3924 herodotus
1359 3881 1385 3922 et
1411 3874 1583 3925 metrodorus

437 3976 529 4012 ornnes.
552 3956 564 4026 ΙΙ
587 3957 718 4008 aristides
736 3958 793 4016 EG,
812 3958 950 4023 arystides
967 3960 1000 4008 H
1018 3958 1078 4022 (Le,
1097 3958 1222 4023 aystides
1239 3960 1268 4017 l).
1291 3955 1304 4024 ΙΙ
1326 3961 1342 4009 9
1361 3958 1582 4011 abinclinatione

438 4048 565 4112 caelique
581 4043 700 4111 (celique
715 4041 746 4106 G)
766 4044 909 4109 regionum
927 4043 1081 4108 qualitates
1099 4043 1178 4093 EGH
1200 4041 1287 4107 (ates,
1306 4044 1442 4110 utriquest
1458 4044 1496 4093 Eo
1514 4047 1582 4095 dete-

436 4134 471 4181 rit
489 4146 541 4195 que
558 4132 597 4180 sic
614 4127 753 4192 ceolredi,
777 4129 806 4177 1ιο
829 4135 912 4177 autera
933 4134 993 4177 ante
1016 4127 1143 4193 caelique
1164 4129 1271 4178 inseruit
1288 4126 1402 4191 terrae).
1428 4128 1513 4178 deleri
1529 4142 1581 4192 que

437 4233 491 4265 crem
508 4215 554 4264 Ec.
584 4212 596 4280 ll
624 4216 653 4263 ll
678 4229 740 4264 esse
762 4213 925 4263 distributas
948 4213 976 4261 H
999 4210 1082 4275 (Llc):
1110 4212 1272 4263 distributas
1295 4227 1354 4263 esse
1379 4212 1435 4262 EG.
1465 4208 1478 4277 ΙΙ
1506 4212 1581 4263 dedi-

438 4302 572 4349 caverunt
589 4298 667 4348 EGH
686 4298 733 4360 (L,
753 4296 964 4348 declinaverunt
980 4298 1005 4346 le
1022 4302 1049 4345 et
1064 4304 1123 4346 ante
1141 4313 1209 4349 corr.
1226 4298 1254 4354 Ιι.
1273 4296 1488 4347 declaraverunt
1504 4295 1552 4359 110).
1568 4293 1580 4360 ll

440 4386 470 4434 13
489 4383 756 4448 praescriptionibus
774 4381 853 4432 EGH
870 4381 912 4445 (L.
931 4381 1181 4446 perscriptionibus
1199 4380 1242 4447 Io).
1263 4381 1275 4448 ΙΙ
1299 4384 1330 4432 16
1349 4380 1453 4431 habere
1473 4380 1585 4431 videtur

440 4468 496 4516 ΕΗ
499 4490 505 4519 ;
525 4468 630 4519 habere
648 4467 790 4517 videretur
808 4467 837 4517 G.
857 4463 869 4532 ΙΙ
891 4469 923 4517 18
941 4466 1084 4516 arbustive
1103 4482 1149 4529 epo
1168 4463 1335 4529 (arbustisve
1353 4468 1419 4529 erl-l:
1440 4466 1582 4517 arbustivo

440 4551 467 4597 H
486 4552 568 4615 (hle),
593 4552 735 4603 arbustino
753 4552 809 4603 EG.
832 4547 845 4618 [l
868 4554 900 4603 19
917 4550 1046 4616 qualibet
1068 4566 1102 4600 ex
1119 4551 1162 4600 his
1181 4552 1226 4614 (sc.
1245 4549 1349 4615 rebus),
1367 4550 1484 4615 reliquis
1501 4550 1582 4601 rebus

439 4649 565 4683 escarum
583 4652 643 4700 epo:
663 4637 787 4700 qualibet
805 4653 838 4686 ex
855 4637 898 4687 his
917 4637 1033 4700 reliquis
1051 4652 1073 4686 r.
1088 4652 1113 4690 e.
1131 4636 1216 4686 ΕΘΗ.
1237 4632 1250 4703 ll
1272 4638 1304 4685 21
1324 4634 1382 4684 eibi
1398 4634 1461 4685 EG:
1481 4635 1537 4685 ciui
1554 4635 1580 4687 H

440 4713 514 4777 (aaa
534 4719 578 4769 cui
594 4721 603 4767 l
619 4723 668 4771 sed
683 4724 705 4770 10
723 4721 798 4787 cibi).
