3984 5825
433 645 491 707 198
919 657 1075 704 vrrauvn

429 813 480 877 nis
503 813 536 876 in
559 810 671 875 l'enrlis
695 810 779 874 laser
801 820 1004 891 nasceretur,
1029 810 1087 874 sed
1110 811 1144 873 in
1164 809 1250 874 omni
1273 820 1359 873 terra
1381 809 1574 895 regionibus

430 913 542 979 rodurn
570 935 689 998 genere
716 915 824 976 omnia
855 922 1114 999 procrearentur.
1169 911 1228 975 has
1255 920 1364 975 autem
1395 912 1575 975 varietates

429 1014 619 1101 regionibus
642 1025 674 1080 et
696 1013 776 1079 loeis
799 1013 967 1079 inclinatio
981 1013 1097 1079 mundi
1120 1022 1152 1078 et
1174 1011 1251 1077 solis
1274 1014 1414 1100 impetus
1436 1014 1575 1098 propius

429 1128 485 1182 aut
514 1116 642 1201 longius
671 1138 801 1180 cursum
830 1115 981 1180 faciendo
1014 1115 1095 1180 tales
1124 1114 1225 1179 efficit
1255 1124 1359 1179 terrae
1386 1116 1577 1200 umorisque

396 1218 597 1306 oqruslitate.
641 1240 702 1280 nec
723 1217 828 1281 solunt
851 1219 884 1281 in
906 1218 958 1282 his
981 1216 1079 1281 rebus
1095 1216 1154 1280 sed
1177 1217 1274 1281 etiarn
1297 1219 1332 1280 in
1353 1216 1526 1304 pecoribus
1544 1224 1577 1279 et

429 1321 585 1386 annuntia
608 1318 687 1383 haec
709 1342 773 1384 non
797 1320 842 1383 ita
864 1318 1016 1383 airniliter
1031 1317 1248 1400 efficerentur,
1272 1319 1336 1383 nisi
1358 1320 1576 1404 proprietates

431 1421 632 1506 singularum
654 1430 815 1485 terrarunr
843 1422 875 1484 in
903 1419 1080 1505 generibus
1103 1420 1145 1484 ad
1173 1419 1250 1484 solis
1277 1429 1471 1507 potestatem
1494 1429 1577 1483 tem·

431 1533 628 1612 perorentur.
679 1532 756 1588 sunt
783 1523 868 1585 enirn
891 1522 1028 1587 Boeotia
1053 1521 1189 1585 flumina
1210 1521 1369 1609 Cephisos
1398 1531 1431 1586 et
1457 1520 1577 1605 Melas,
1601 1534 1622 1581 1-

431 1624 577 1689 lnreunia
600 1623 741 1706 Crathis,
764 1623 864 1688 Troia
887 1623 1038 1688 Xanthus
1061 1624 1159 1710 inque
1181 1624 1269 1708 agris
1293 1623 1578 1689 Clazomeniorum

384 1741 413 1790 tu
432 1736 464 1791 et
491 1725 748 1812 Erythraeorum
776 1735 808 1789 et
834 1724 1087 1790 Laodicensium
1120 1725 1238 1789 fontes.
1292 1724 1335 1790 ad
1363 1747 1401 1788 ea
1427 1723 1579 1805 flumina,

431 1850 504 1892 curn
528 1850 644 1915 pecora
667 1829 734 1892 suis
757 1827 959 1915 temporibus
982 1827 1060 1890 anni
1088 1835 1244 1913 parantur
1264 1826 1308 1890 ad
1331 1828 1580 1914 conceptionem

432 1938 559 2018 partus,
591 1952 649 2017 per
677 1929 711 1993 id
738 1938 865 2016 tenipus
893 1929 1072 2015 adiguntur
1098 1927 1218 1994 cotidie
1246 1940 1376 2016 potum,
1405 1951 1448 1994 ex
1474 1951 1582 2016 eoque

432 2032 581 2119 quamvis
604 2031 670 2096 sint
691 2030 766 2095 alba
788 2042 959 2118 procreant
981 2031 1056 2095 aliis
1079 2029 1160 2095 loeis
1182 2030 1379 2118 leucophaea
1399 2031 1473 2096 aliis
1497 2031 1580 2097 locis

433 2132 521 2220 pullu
542 2133 616 2198 aliis
640 2134 789 2198 coracino
812 2132 928 2197 coloro.
974 2134 1021 2198 ita
1042 2133 1224 2220 proprietas
1246 2131 1382 2219 liquoris
1405 2155 1478 2204 eum
1504 2135 1581 2198 iniit

385 2252 415 2300 rt
432 2235 467 2299 in
489 2257 616 2321 corpus,
640 2235 838 2322 proseminat
861 2235 1035 2299 intinctam
1058 2236 1108 2299 sui
1136 2234 1293 2320 cuiusque
1320 2237 1450 2320 generis
1474 2235 1580 2321 quali·

432 2347 543 2401 tatoni.
589 2337 688 2420 igitur
710 2335 797 2421 quod
826 2337 860 2399 in
883 2339 1005 2423 eampis
1029 2336 1179 2400 Troianis
1207 2338 1356 2423 proxime
1383 2335 1507 2401 flumen
1529 2359 1580 2401 ar-

434 2446 543 2501 rnentn
564 2436 637 2500 rul'a
660 2448 690 2501 et
714 2458 829 2523 pecora
855 2436 1053 2526 leucophaea
1075 2449 1268 2521 nascuntur,
1297 2437 1372 2504 ideo
1394 2438 1430 2503 id
1457 2439 1581 2504 flumen

341 2536 345 2553 ⁸
434 2538 571 2603 Ilienses
594 2538 761 2603 Xanthum
786 2538 1004 2625 appellavisse
1027 2539 1190 2606 dicuntur.

519 2638 694 2726 Etiamque
717 2641 928 2706 inveniuntur
942 2664 1045 2729 aquae
1067 2664 1188 2728 genera
1208 2643 1392 2724 mortifera,
1416 2666 1500 2731 quae
1522 2666 1582 2732 per
1601 2655 1630 2704 15

384 2758 417 2806 ·.’0
435 2739 615 2805 rnalelieum
649 2763 762 2806 sueurn
796 2752 901 2807 terrae
934 2745 1156 2830 percurrentia
1188 2746 1351 2832 recipiunt
1381 2746 1417 2809 in
1447 2767 1482 2808 se
1512 2747 1581 2810 vim

504 2934 516 2981 1
537 2932 565 2982 in
584 2933 657 2983 omni
675 2937 749 2984 terro
767 2933 940 3001 regionibus:
957 2935 995 2984 ste
1014 2933 1091 2985 EGH
1109 2932 1134 2997 (e
1152 2940 1177 2984 et
1194 2942 1253 2985 ante
1266 2951 1335 2987 corr.
1355 2935 1386 2992 L,
1404 2948 1418 2984 t
1434 2934 1505 2984 locis
1517 2937 1579 2985 add.

435 3032 498 3067 renus
515 3018 531 3076 l,
551 3016 579 3067 in
598 3018 722 3069 omnibus
740 3024 831 3069 torrae
846 3020 1003 3084 regionibus
1023 3017 1080 3080 L0).
1103 3013 1114 3084 Η
1138 3021 1153 3068 2
1173 3018 1268 3069 eodem
1281 3034 1382 3086 genere
1401 3019 1462 3069 Eo:
1484 3020 1580 3071 eodem

435 3117 539 3169 genera
563 3103 591 3152 H
613 3104 646 3165 (le
669 3109 771 3153 stante
795 3119 863 3156 corr.
889 3104 922 3161 L,
953 3102 1050 3152 eadem
1073 3118 1178 3168 genera
1205 3102 1261 3166 L0).
1284 3098 1295 3171 Η
1317 3107 1333 3154 3
1356 3104 1467 3170 propius
1491 3104 1579 3155 E060:

436 3186 559 3253 proprius
580 3187 655 3237 L'Gll
674 3186 753 3251 (Ltc).
774 3183 786 3253 Η
809 3189 824 3237 4
844 3190 892 3236 aut
909 3185 947 3235 L':
971 3192 1002 3236 ut
1021 3187 1072 3238 011
1090 3186 1169 3251 (hle).
1193 3182 1204 3253 Η
1228 3187 1356 3238 faciendo
1379 3188 1460 3239 ΕθΗ
1478 3188 1520 3252 (L,
1539 3191 1580 3240 fa·

436 3270 535 3321 eiundo
553 3270 596 3335 le).
623 3268 635 3337 Η
660 3271 816 3337 umorisque
835 3272 971 3336 qualitate
990 3287 1050 3337 epo:
1069 3270 1428 3338 umores.quaequalitates
1447 3274 1487 3334 H,
1506 3290 1581 3325 umo-

436 3370 488 3407 res.
515 3355 574 3421 Qua
593 3353 742 3419 qualitates
763 3355 817 3406 EO.
841 3352 852 3421 Η
875 3356 1041 3406 sarmentis
1055 3394 1061 3408 .
1075 3356 1154 3405 Haec
1179 3353 1251 3421 (haee
1274 3356 1311 3416 Ε,
1335 3356 1386 3423 hec
1406 3357 1438 3420 G)
1461 3342 1517 3410 noh
1539 3363 1581 3410 ita

436 3438 521 3489 null.
545 3435 556 3504 Η
581 3440 595 3487 7
614 3439 642 3487 in
661 3439 809 3504 generrhus
827 3439 856 3488 I!
874 3437 940 3501 (Llc,
958 3439 993 3503 ef.
1012 3457 1040 3505 p.
1052 3441 1112 3498 rol,
1133 3438 1173 3503 3):
1192 3440 1221 3490 in
1240 3440 1399 3507 regionibns
1417 3443 1475 3497 EG.
1500 3440 1512 3511 Η
1534 3460 1580 3509 po·

435 3526 566 3572 testatem
586 3527 749 3586 perarantur
767 3522 798 3571 ΙΙ
814 3524 849 3583 (et
867 3530 926 3574 ante
945 3539 1013 3575 corr.
1032 3523 1077 3585 L),
1096 3528 1262 3590 potestatem
1275 3529 1440 3590 pararentur
1455 3527 1507 3579 EG
1526 3527 1580 3594 (le),

435 3607 484 3658 secl
496 3606 531 3657 60
542 3606 568 3655 tu
580 3607 769 3657 intercolumnio
787 3609 872 3661 adera.
891 3609 902 3656 i
921 3607 951 3658 al
970 3606 1170 3675 temperarent²
1192 3608 1275 3676 (quam
1293 3612 1423 3661 lectionem
1435 3614 1472 3663 ad
1488 3620 1582 3664 utram·

436 3706 484 3759 qus
496 3691 632 3742 columnam
644 3690 796 3741 Schneideri
806 3706 897 3742 errore
915 3694 1023 3743 relatam
1040 3695 1146 3760 lepesin
1163 3695 1217 3745 eius
1228 3709 1313 3748 comm.
1325 3712 1352 3759 p.
1367 3697 1417 3745 117
1429 3703 1454 3747 et
1467 3699 1504 3749 ad
1521 3697 1581 3748 ede·

436 3779 498 3828 rent
515 3778 620 3842 petto.
644 3775 680 3839 ef.
699 3776 989 3843 rupraodp.197,9).
1013 3784 1038 3828 et
1055 3780 1092 3829 ita
1111 3782 1329 3845 temperarentur
1341 3780 1386 3831 [ιθ.
1401 3776 1413 3846 Η
1431 3784 1447 3833 8
1465 3782 1582 3834 Boeotia

393 3897 395 3901 -
437 3860 640 3925 (...Luosuia
654 3897 660 3912 .
673 3895 697 3915 ..
711 3858 806 3924 'froin
820 3876 878 3926 epo:
897 3861 1001 3926 boet(&
1010 3862 1041 3912 H
1045 3862 1100 3926 liae
1111 3861 1189 3915 aar!
1202 3863 1244 3926 (L,
1258 3864 1353 3914 boetia
1365 3865 1403 3923 el,
1422 3864 1513 3931 potua
1524 3866 1553 3930 t).
1567 3865 1579 3929 Η

436 3944 563 4011 cephisos
576 3943 609 4007 E,
622 3944 748 4010 zephiros
760 3946 789 4009 (ι’,
801 3946 850 3996 red
863 3945 898 3996 6⁶
908 3961 989 4011 supra
1001 3946 1074 3997 reri
1086 3947 1258 4014 cephisos:
1266 3949 1294 3998 H
1308 3947 1361 4011 (Ll,
1372 3948 1510 4015 cephysos
1522 3952 1556 4013 c).
1569 3949 1579 4013 Η

436 4029 591 4081 hliuosnia
605 4029 683 4091 (·-ae
695 4029 774 4092 Pul.)
789 4029 899 4080 Crathis
910 4029 984 4093 (ed.):
1000 4030 1107 4082 lucanis
1120 4032 1225 4083 aeratis
1235 4032 1320 4083 EGH.
1337 4028 1349 4099 Η
1363 4033 1437 4084 troia
1446 4035 1581 4086 xanthus:

435 4114 473 4163 ste
494 4112 579 4163 nell.
603 4109 615 4180 Η
638 4111 831 4177 clazo(ohaao·
850 4113 1056 4180 E)m0eni0rum
1078 4116 1165 4169 auu.
1197 4113 1209 4183 Η
1237 4119 1269 4168 10
1291 4116 1499 4182 erynthreorurn
1522 4116 1579 4186 ΕΗ

437 4195 460 4246 is
478 4201 506 4246 ot
523 4194 720 4250 leodicensium
741 4199 762 4250 0
780 4198 840 4262 (sed
855 4201 927 4263 prius
945 4197 968 4249 u
986 4201 1034 4250 det.
1056 4200 1108 4263 Ge),
1126 4196 1138 4267 Η
1158 4201 1259 4253 fontes.
1284 4200 1319 4250 ad
1337 4216 1371 4251 ea
1388 4201 1504 4253 flumina
1521 4220 1580 4270 epo:

438 4280 529 4332 tontes
553 4281 702 4333 adssurnina
726 4283 787 4342 (ΠΙ,
811 4283 904 4333 fontes
931 4283 1043 4334 flirmina
1067 4284 1099 4333 Ε.
1127 4279 1138 4351 Η
1169 4287 1199 4335 12
1224 4284 1370 4352 adiguntur
1393 4286 1418 4336 Ε
1437 4286 1500 4353 (L):
1525 4288 1580 4338 udi·

438 4369 535 4415 cuntur
555 4366 605 4416 GH
624 4366 666 4429 (le,
686 4366 841 4418 adiciuntur
859 4368 895 4428 h).
915 4363 927 4434 Η
949 4383 980 4419 eo
1001 4366 1101 4417 cotidie
1120 4368 1205 4429 ΕΘΗ,
1224 4369 1267 4420 ubi
1282 4371 1364 4421 delent
1380 4386 1420 4422 eo.
1442 4368 1453 4438 Η
1475 4377 1580 4438 potum:

438 4451 538 4510 potunt
555 4448 600 4504 Et.
622 4446 633 4517 Η
659 4437 690 4502 rs
709 4452 834 4516 quamvis
860 4452 895 4501 E:
919 4466 973 4517 qus
995 4451 1039 4502 vis
1062 4452 1115 4503 GH
1134 4453 1241 4518 (quivis
1265 4455 1326 4514 Lu,
1349 4456 1412 4524 qvis
1431 4456 1465 4519 e).
1490 4452 1502 4523 Η
1526 4457 1580 4508 leu-

438 4530 543 4595 oophsa
563 4534 646 4585 aeli.
664 4531 676 4601 Η
698 4537 729 4585 11
748 4536 800 4586 init
817 4536 903 4590 ΕΘΗ.
920 4532 932 4602 Η
950 4537 981 4586 16
1000 4536 1085 4602 igitur
1104 4535 1176 4603 quod
1194 4535 1242 4603 (qd
1261 4538 1302 4603 Gt)
1323 4540 1374 4590 GH
1393 4539 1473 4605 (Lle),
1495 4542 1580 4607 Igitur

439 4612 505 4673 quia
524 4615 547 4665 E
566 4617 611 4680 (cs.
631 4619 666 4668 nd
677 4634 703 4683 p.
717 4622 773 4677 190,
792 4620 843 4682 19).
859 4615 871 4685 Η
888 4621 920 4669 17
937 4619 1037 4671 flumen
1055 4619 1167 4673 ilienses
1185 4621 1246 4676 EO:
1266 4623 1366 4674 flumen
1381 4622 1386 4688 1
1402 4625 1537 4677 nilienses
1553 4626 1580 4676 H

441 4692 472 4754 (f.
491 4697 639 4760 nililouses
658 4703 689 4760 L,
709 4702 727 4752 t.
747 4702 880 4754 nilionsos
898 4702 942 4768 le).
