3984 5825
441 704 503 767 226
932 716 1090 763 vrrauvn

441 873 658 959 splendorem.
704 891 843 955 namque
866 868 942 931 luna
965 869 1007 931 de
1029 878 1154 954 septem
1175 869 1272 933 astris
1296 867 1451 932 cirerdum
1475 871 1586 954 proxi-

440 997 529 1036 mum
551 984 657 1036 terrae
679 974 713 1035 in
737 971 886 1035 cursibus
907 972 1077 1034 minimum
1098 981 1305 1057 pervagatur.
1342 970 1388 1034 ita
1403 979 1483 1056 quet
1497 993 1586 1033 men·

442 1077 532 1139 sibus
556 1075 743 1138 subrutam
767 1072 845 1137 solis
867 1073 1042 1157 radiosque
1063 1095 1127 1136 uno
1154 1071 1208 1134 die
1236 1082 1411 1157 antequam
1429 1075 1586 1159 praeterit

442 1178 544 1240 latens
568 1177 774 1258 obscuratur,·
794 1197 868 1238 cum
890 1184 939 1237 est
962 1196 1035 1237 cum
1058 1173 1136 1254 sole,
1160 1188 1245 1237 nova
1265 1183 1410 1238 vocatur.
1454 1185 1585 1261 postero

407 1289 549 1342 sautem
572 1278 636 1358 die,
660 1300 724 1363 quo
746 1286 934 1340 numeratur
956 1275 1110 1364 secunda,
1134 1275 1333 1363 praeteriens
1357 1276 1399 1339 ab
1422 1276 1491 1340 sole
1508 1278 1585 1340 visi-

440 1383 595 1445 tationem
617 1380 699 1442 facit
721 1389 850 1442 tenuem
873 1389 1038 1442 extremae
1060 1376 1308 1442 rotundationis.
1345 1400 1419 1440 eum
1439 1378 1584 1442 triduum

440 1485 576 1546 recessit
604 1481 646 1544 ab
674 1479 759 1561 8010,
789 1481 906 1544 erescit
929 1489 961 1543 et
989 1478 1063 1564 plns
1093 1479 1316 1541 inluminatur.
1362 1479 1485 1543 cotidie
1509 1502 1585 1545 vero

439 1583 612 1646 discedens
640 1604 713 1645 cum
740 1584 892 1668 pervenit
919 1579 962 1644 ad
990 1580 1076 1642 diem
1105 1581 1296 1667 septimum,
1327 1579 1453 1644 distans
1476 1604 1497 1645 a
1519 1583 1585 1646 sole

439 1684 608 1749 occidente
635 1685 765 1747 circiter
791 1684 915 1746 medias
944 1681 1026 1746 caeli
1053 1681 1219 1765 regiones,
1255 1680 1395 1746 dimidia
1420 1682 1524 1767 lueet,
1554 1694 1585 1747 et

392 1803 422 1847 ro
441 1788 509 1848 eius
533 1807 616 1871 quae
638 1785 680 1847 ad
702 1784 803 1848 solem
830 1808 907 1872 pars
936 1793 1064 1870 spectat
1087 1805 1125 1845 ea
1148 1793 1197 1846 est
1219 1781 1422 1848 inluminata.
1470 1795 1584 1870 quarto
1601 1828 1623 1837 -

438 1898 547 1951 autem
571 1887 707 1951 decumo
731 1886 784 1950 die
807 1909 880 1951 curn
902 1888 936 1949 in
959 1886 1117 1949 diametro
1140 1885 1245 1971 spatio
1267 1885 1367 1949 totius
1390 1886 1507 1950 mundi
1528 1887 1583 1951 ab·

438 1992 481 2053 sit
503 1989 545 2052 ab
568 1988 652 2071 sole,
681 1989 847 2076 perficitur
875 1986 971 2075 plena
997 1997 1030 2051 et
1059 1987 1162 2051 oritur
1196 2007 1265 2048 cum
1299 1984 1347 2049 sol
1370 1988 1413 2050 sit
1434 1989 1478 2052 ad
1501 1991 1583 2053 occi-

438 2091 568 2155 dentem
576 2141 584 2172 ,
620 2089 694 2154 idco
722 2089 808 2176 quod
838 2099 939 2153 totum
968 2090 1110 2176 spatium
1137 2087 1252 2150 mundi
1279 2086 1406 2151 distans
1435 2091 1585 2154 consistit

438 2202 550 2257 contra
573 2201 604 2254 et
627 2193 750 2278 impetu
773 2190 850 2255 solis
874 2191 973 2253 totius
996 2189 1085 2254 orbis
1113 2190 1148 2251 in
1171 2211 1205 2253 se
1227 2189 1343 2274 recipit
1365 2189 1582 2276 splendorem.

388 2309 418 2354 15
437 2303 585 2380 septumo
608 2291 744 2355 decumo
768 2293 821 2355 die
844 2314 917 2354 cum
940 2289 988 2356 801
1011 2292 1145 2373 oriatur,
1169 2312 1208 2353 ea
1229 2312 1342 2377 pressa
1363 2302 1413 2355 est
1434 2293 1478 2355 ad
1501 2296 1583 2357 ocei-

437 2396 578 2458 dentem.
624 2394 804 2457 vicensimo
827 2403 859 2456 et
880 2393 983 2457 altero
1007 2391 1060 2455 dic
1083 2413 1156 2455 eum
1178 2391 1227 2455 sol
1255 2401 1304 2455 est
1326 2403 1476 2475 exortus,
1509 2394 1584 2458 luna

436 2505 525 2559 tenet
553 2496 684 2558 circiter
712 2494 794 2557 caeli
822 2494 945 2558 medias
974 2495 1124 2578 regiones
1153 2502 1185 2557 et
1213 2492 1247 2555 id
1277 2493 1364 2580 quod
1391 2478 1521 2581 spectat
1542 2498 1582 2559 ad

436 2596 536 2662 solem
559 2596 593 2659 id
616 2596 715 2659 habet
737 2594 882 2660 lucidum
910 2595 1044 2681 reliquis
1072 2594 1221 2659 obscura.
1265 2596 1343 2658 item
1367 2596 1490 2660 cotidie
1514 2620 1585 2661 cur-

436 2722 507 2762 sum
530 2697 681 2761 faciendo
694 2698 835 2761 'circiter
857 2707 974 2762 octavo
997 2707 1029 2760 ct
1052 2697 1230 2760 vicensimo
1252 2695 1307 2758 die
1335 2697 1426 2761 subit
1449 2699 1512 2763 sub
1534 2721 1581 2762 ra-

386 2815 418 2863 20
436 2801 508 2864 dios
531 2798 620 2883 80118,
645 2809 677 2862 01
698 2800 746 2862 ita
767 2803 950 2862 menstruas
973 2799 1101 2885 perficit
1122 2797 1277 2861 rationes.

519 2903 614 2966 Nunc
636 2911 671 2965 ut
693 2901 727 2964 in
750 2901 888 2987 singulis
911 2900 1077 2965 mensibus
1101 2896 1150 2964 sol
1172 2901 1267 2985 signa
1282 2900 1467 2986 pervadens
1483 2914 1578 2988 auget

395 3014 467 3068 vet
493 3006 612 3068 minuit
639 3002 766 3067 dierum
794 3013 826 3067 01
853 3003 1005 3067 horarum
1039 3003 1144 3088 spatia
1172 3001 1289 3065 dicam.
1338 3024 1480 3090 namque
1508 3028 1577 3070 curn
1591 3016 1624 3077 (1³

434 3107 544 3169 arietis
574 3106 703 3190 signum
725 3106 799 3169 iniit
823 3115 855 3169 ct
883 3114 1009 3191 partem
1038 3114 1188 3167 octavam
1210 3113 1424 3189 pervagatur,
1454 3107 1578 3193 perficit

434 3208 675 3293 aequinoctium
701 3228 848 3270 vernum.
899 3228 973 3269 cum
1009 3204 1217 3291 progreditur
1248 3205 1292 3267 ad
1324 3205 1463 3270 caudam
1496 3210 1579 3272 tauri

384 3308 590 3395 assidueque
623 3306 834 3393 vergiliarum
867 3331 885 3371 0
917 3307 1037 3394 quibus
1072 3308 1192 3371 eminet
1225 3306 1362 3370 dimidia
1389 3330 1465 3395 pars
1493 3311 1579 3396 prior

435 3413 536 3492 tauri,
572 3412 607 3473 in
635 3411 740 3472 maius
775 3412 917 3498 spatium
949 3408 1064 3473 mundi
1093 3430 1189 3494 quam
1217 3406 1391 3473 dimidium
1418 3412 1579 3497 procurrit

436 3510 615 3595 procedens
644 3510 687 3572 ad
714 3511 1000 3595 septentrionalem
1027 3518 1164 3595 partem.
1210 3531 1227 3571 e
1254 3520 1347 3574 tauro
1370 3532 1445 3575 cum
1472 3513 1577 3597 ingre·

437 3610 525 3674 ditur
546 3613 581 3674 in
602 3612 750 3695 geminos
779 3612 1003 3676 exorientibus
1026 3609 1174 3695 vergiliis
1203 3614 1306 3695 magis
1327 3614 1454 3677 crescit
1482 3637 1580 3702 supra

503 3923 518 3969 2
537 3922 579 3971 ita
597 3926 663 3983 quot
682 3917 764 3985 (quod
782 3922 869 3985 HLlc)
890 3922 975 3973 EGH.
996 3917 1008 3987 Ι(
1028 3925 1043 3971 3
1062 3917 1269 3986 prae(eG)terit
1282 3921 1333 3971 GH
1345 3920 1430 3987 (Llc):
1449 3924 1581 3987 prodierit

426 3999 468 4053 ‘E.
493 4002 505 4070 ((
524 4007 539 4055 5
558 4019 612 4068 quo
635 4004 696 4056 EG:
725 4005 761 4069 qd
780 4008 808 4056 H
826 4009 873 4069 (10,
898 4005 969 4069 quod
988 4004 1032 4070 L).
1057 4000 1069 4070 (Ι
1092 4004 1198 4055 910001
1217 4006 1330 4058 011001
1358 4006 1423 4055 luce
1445 4006 1528 4069 Met
1548 4009 1579 4072 G)

436 4088 522 4137 EGH.
545 4084 556 4154 ((
582 4090 613 4137 10
632 4094 728 4151 quarto
813 4089 928 4139 decumo
950 4089 1175 4152 11«(1,11001100
1197 4088 1243 4152 lc):
1272 4093 1372 4153 quarte
1472 4091 1581 4154 decima

437 4171 494 4221 EG.
518 4170 529 4236 ΙΙ
553 4173 583 4220 11
604 4172 684 4222 abest
701 4174 736 4228 E.
764 4170 776 4239 (Ι
805 4177 835 4225 13
854 4176 912 4223 totu
937 4176 1029 4238 spatia
1053 4171 1143 4237 (-nm
1163 4189 1241 4223 -um
1260 4173 1309 4238 a'J:
1337 4176 1375 4223 sic
1392 4174 1480 4226 EGH.
1508 4171 1521 4241 Ι(
1550 4179 1580 4225 14

436 4261 531 4305 eontra
550 4259 578 4304 et
597 4254 728 4317 (contradi
749 4256 782 4321 Ε)
801 4257 850 4308 EG
857 4275 863 4306 :
883 4257 1021 4307 contrah&
1040 4260 1067 4307 H
1085 4258 1126 4320 (le,
1145 4259 1227 4309 -het
1239 4257 1284 4322 L).
1301 4255 1313 4323 Ι(
1329 4259 1435 4323 impetu
1447 4260 1479 4307 H
1496 4260 1578 4321 (1,10)ε

436 4340 552 4404 impetus
570 4340 627 4389 EG.
652 4336 663 4404 Ι(
686 4341 786 4404 recipit
805 4342 842 4390 E:
867 4342 973 4406 recepit
997 4342 1050 4391 GH
1070 4340 1150 4406 (hle).
1173 4339 1185 4407 ((
1209 4344 1240 4393 15
1263 4347 1390 4407 septumo
1413 4343 1530 4394 decumo
1553 4345 1582 4392 H

438 4423 474 4485 (et
492 4432 550 4473 0010
568 4439 637 4473 corr.
650 4422 694 4485 L).
711 4420 723 4490 Ι(
741 4427 771 4473 16
788 4425 939 4476 vicensimo
957 4426 988 4473 H
1004 4422 1161 4487 (00100000.
1180 4425 1224 4489 L),
1244 4426 1381 4477 -cesime
1394 4423 1444 4477 EG
1464 4426 1579 4490 (100).)

437 4508 468 4556 11
487 4524 509 4556 0.
528 4507 599 4556 caeli
617 4506 734 4556 medias:
753 4511 790 4558 sic
808 4510 893 4561 EGH.
916 4504 928 4575 (Ι
952 4511 983 4559 18
1002 4507 1029 4557 id
1047 4508 1145 4559 habet:
1163 4508 1303 4562 01011611.
1327 4507 1339 4576 Ι(
1367 4510 1486 4573 reliquis
1505 4512 1540 4561 00
1557 4520 1581 4560 et

436 4599 626 4643 00100000.οε
653 4591 775 4655 reliquus
794 4593 874 4642 EGH
894 4591 1003 4655 (azeca).
1026 4588 1039 4658 fl
1066 4591 1166 4642 octidie
1184 4593 1210 4641 E
1233 4592 1271 4656 (ut
1286 4611 1315 4657 p.
1339 4598 1405 4656 225,
1430 4594 1484 4659 10).
1510 4592 1521 4660 (1
1550 4598 1579 4645 19

436 4674 586 4723 vicensimo
606 4675 641 4722 II.
663 4670 674 4739 (Ι
698 4674 772 4725 subit
789 4677 819 4725 H
836 4676 919 4740 (Lle):
938 4678 1023 4728 subiit
1041 4677 1098 4727 EG.
1118 4672 1131 4741 Ι(
1150 4679 1180 4725 21
1201 4682 1285 4741 auget
1301 4678 1352 4728 EG
1371 4678 1436 4743 (cle):
1456 4680 1536 4745 augit
1553 4679 1581 4728 11

436 4754 501 4819 (Lu.
525 4755 536 4823 (Ι
560 4761 592 4806 22
612 4773 672 4806 cum
692 4760 799 4809 arietis:
818 4762 856 4808 sic
876 4761 958 4815 EGH,
982 4759 995 4828 Ι(
1017 4763 1050 4811 23
1068 4761 1132 4810 iniit
1149 4760 1181 4807 H
1197 4758 1278 4823 (Llc),
1297 4761 1350 4812 init
1367 4762 1425 4815 EG.
