3984 5825
275 1539 364 1583 xxvll.
384 1539 414 1579 De

288 1593 407 1644 generibus

294 1644 396 1685 colorum.

278 1730 332 1769 Vitr.
346 1730 366 1777 7,
376 1731 414 1769 o-

327 1781 357 1818 14.

426 662 489 727 306
515 714 518 718 .
610 676 658 723 nn
680 672 841 724 nivensrs
864 672 1025 721 rnamcrs
1048 670 1384 721 uncmrncronrcnu.

427 831 599 894 inducatur
621 836 677 892 aut
698 828 799 891 rudus
823 836 879 892 aut
901 836 1079 894 testaceum
1101 826 1334 911 pavimentum,
1359 822 1481 887 deinde
1498 842 1572 886 con·

427 932 529 1016 gestis
552 939 584 993 et
606 928 739 1007 calcatis
764 930 868 1015 spisse
892 928 1088 992 carbonibus
1110 926 1285 991 inducatur
1301 947 1344 988 ox
1366 922 1527 988 sabulone
1542 933 1573 987 et

427 1031 542 1097 favilla
562 1042 595 1096 et
617 1029 704 1094 ealce
726 1031 832 1094 mixta
853 1030 991 1115 inpensa
1013 1026 1229 1093 crassitudine
1250 1028 1421 1091 unciarum
1444 1043 1493 1088 V1.
1531 1024 1571 1087 ad

426 1132 572 1218 regulam
594 1142 775 1218 exaequata
796 1130 948 1217 planities
971 1128 1081 1194 reddit
1103 1130 1246 1215 speciem
1267 1129 1355 1214 nigri
1377 1126 1572 1214 pavimenti.

426 1234 534 1298 hieme
556 1256 633 1318 ergo
656 1256 720 1299 non
744 1234 862 1320 recipit
888 1233 993 1317 frigus
1017 1241 1049 1295 et
1070 1231 1236 1295 ministros
1259 1229 1336 1294 licet
1359 1228 1457 1293 nudis
1482 1226 1605 1314 pedi-5

427 1336 489 1400 bus
520 1357 642 1421 vapore
669 1334 855 1399 delectabit.
900 1335 947 1397 sic
970 1334 1056 1396 enim
1079 1335 1142 1397 erit
1168 1334 1393 1418 pavimentum
1414 1340 1451 1396 ut
1476 1331 1573 1392 etiam

425 1436 611 1501 bibentium
633 1435 749 1522 pocula
771 1438 799 1500 si
821 1436 896 1500 fusa
918 1434 1041 1499 fuerint
1062 1443 1224 1498 momento
1246 1435 1437 1498 siccescant.

514 1537 646 1613 Colores
673 1559 751 1601 vero
778 1535 835 1599 alii
858 1538 955 1600 certis
978 1535 1058 1599 locis
1086 1546 1313 1622 procreantur,
1340 1533 1399 1598 alii
1421 1555 1465 1598 ex
1488 1553 1572 1596 com-

427 1639 642 1704 mixtionibus
672 1648 919 1725 componuntur.
963 1637 1114 1703 rubricae
1142 1640 1251 1723 itaque
1278 1635 1390 1700 multis
1413 1635 1496 1700 locis
1518 1655 1573 1718 gc-

426 1750 598 1824 narentur,
628 1738 686 1804 sed
713 1742 854 1827 optimae
882 1741 917 1802 in
944 1738 1048 1802 Ponto
1077 1748 1109 1801 et
1137 1741 1170 1801 in
1194 1739 1354 1824 Hispania
1381 1745 1619 1801 nascuntur.1o

427 1843 651 1928 paraetonium
675 1864 716 1906 ex
737 1843 808 1927 ipso
830 1841 902 1905 loco
923 1841 1011 1905 unde
1033 1840 1158 1904 foditur
1177 1838 1277 1903 habet
1291 1859 1420 1902 nomen,
1460 1837 1574 1901 cadem

427 1946 554 2016 ratione
576 1952 609 2006 et
629 1940 802 2026 melinum,
832 1943 918 2029 quod
947 1946 1016 2007 cius
1044 1939 1210 2005 metallum
1237 1962 1296 2027 per
1317 1940 1442 2004 insulas
1467 1937 1575 2026 cycla-

429 2044 487 2108 das
509 2044 596 2107 Melo
620 2044 749 2108 dieitur.
795 2053 883 2107 creta
906 2044 1023 2108 viridis
1046 2042 1194 2130 pluribus
1217 2041 1297 2106 loeis
1320 2043 1485 2123 nascitur,
1517 2040 1575 2104 sed

429 2148 551 2232 optima
574 2153 662 2207 creta
685 2145 843 2231 Smyrnae
866 2154 992 2210 tantum
1015 2154 1220 2232 procreatur,
1250 2166 1334 2229 quae
1355 2164 1476 2228 graece
1498 2148 1574 2206 θεο-

429 2249 544 2311 δοτιον
566 2244 726 2334 dicitura
746 2246 916 2310 Theodoto
939 2247 1080 2332 quodam
1102 2248 1137 2310 in
1159 2247 1251 2310 euius
1275 2245 1343 2311 solo
1365 2246 1512 2330 primum
1528 2254 1576 2306 est
1594 2256 1621 2304 lo

429 2348 573 2410 inventa.
611 2348 904 2433 auripigmentum,
927 2347 1015 2433 quod
1038 2364 1219 2430 αρσενικον
1239 2368 1355 2430 graece
1378 2344 1575 2432 appellatur,

428 2449 463 2510 in
485 2448 588 2510 Ponto
617 2449 771 2511 nascitur.
817 2449 996 2513 sandaraca
1018 2448 1166 2535 plurimis
1190 2448 1271 2512 locis
1294 2444 1489 2533 generatur,
1520 2445 1577 2509 scd

429 2551 553 2634 optima
581 2549 615 2610 in
643 2549 747 2613 Ponto
776 2560 808 2613 et
840 2552 934 2613 iuxta
966 2549 1087 2613 flumen
1115 2550 1293 2639 Hypanim.
1338 2550 1433 2612 minii
1468 2558 1577 2612 autem

430 2659 545 2714 natura
567 2651 708 2736 primum
730 2673 750 2712 a
773 2650 910 2715 Graecis
934 2650 1152 2736 Ephesiorum
1174 2651 1242 2716 solo
1264 2660 1396 2738 reperta
1418 2671 1577 2712 memora-

430 2760 499 2832 tur,
531 2752 683 2837 deinceps
713 2753 748 2814 in
776 2752 948 2839 Hispania.
994 2753 1085 2816 cuius
1113 2762 1228 2816 natura
1255 2752 1313 2816 has
1342 2751 1577 2815 admirationes
1593 2762 1621 2810 ao

430 2850 539 2917 habet.
583 2852 699 2938 glebae
727 2854 837 2940 itaque
866 2877 938 2918 eum
962 2876 1005 2918 ex
1025 2853 1167 2919 metallis
1196 2856 1338 2941 primum
1366 2852 1578 2933 exciduntur,

429 2956 556 3040 argenti
580 2957 650 3018 vivi
672 2964 783 3039 guttas
807 2958 1012 3042 exprimunt,
1037 2979 1115 3042 quas
1137 2956 1277 3020 artifices
1299 2956 1342 3018 ad
1364 2954 1577 3041 plures'usus

431 3054 597 3140 colligunt.
630 3078 736 3142 neque
758 3058 844 3120 enim
866 3068 1039 3142 argentum
1060 3080 1166 3144 neque
1186 3080 1241 3122 aes
1265 3060 1337 3121 sine
1359 3055 1409 3119 his
1434 3056 1578 3120 inaurari

430 3166 548 3243 potest.
592 3179 667 3219 narn
691 3158 845 3223 confusae
873 3161 907 3222 in
929 3183 1029 3223 unum
1052 3160 1098 3223 ita
1119 3169 1156 3222 ut
1178 3167 1330 3245 quattuor
1358 3159 1578 3223 sextariorum

430 3280 615 3323 mensuram
637 3258 790 3342 habeant,
813 3270 944 3325 centum
965 3260 1124 3325 librarum
1142 3260 1268 3346 pondus
1285 3259 1442 3323 efficient.
1480 3280 1579 3345 supra
1593 3264 1620 3312 ²5

432 3360 521 3422 cuius
550 3358 709 3445 liquorem
737 3363 959 3427 centenarium
968 3364 1060 3447 :saxi
1083 3362 1210 3448 pondus
1234 3364 1263 3426 si
1285 3362 1452 3448 posueris,
1481 3360 1577 3424 susti·
1655 3369 1658 3376 '

500 3621 512 3666 1
533 3619 676 3667 testatium
694 3619 852 3682 pavimento
870 3635 928 3683 apg.
946 3614 958 3685 Η
975 3621 1113 3685 congestis
1130 3623 1159 3669 et
1173 3615 1280 3683 (Vitr.):
1300 3618 1427 3684 congesti
1447 3613 1473 3683 (Ι
1481 3615 1513 3682 p)
1532 3615 1579 3666 sed

432 3699 492 3765 (sic)
510 3718 569 3766 app.
593 3698 605 3767 ΙΙ
628 3704 643 3751 2
663 3718 696 3751 ex
714 3702 846 3753 sabulone
865 3706 918 3753 ed:
943 3702 1097 3753 &sablone
1114 3720 1172 3769 opp.
1195 3699 1208 3769 ΙΙ
1228 3705 1243 3752 3
1262 3702 1340 3752 calce
1363 3706 1459 3752 mexta
1475 3719 1503 3760 v,
1523 3700 1579 3751 cal·

433 3802 493 3836 cem
512 3792 576 3835 exta
593 3802 619 3850 9,
639 3786 715 3837 calce
732 3790 794 3836 exta
810 3804 829 3851 p
849 3788 907 3847 (sed
921 3798 953 3852 με
972 3787 1051 3838 calce
1069 3788 1175 3854 mixta).
1200 3784 1213 3854 ΙΙ
1236 3788 1361 3852 impensa
1379 3789 1435 3836 ert:
1455 3788 1578 3851 inpensae

431 3888 458 3929 a,
480 3872 604 3936 impense
625 3887 669 3935 pp.
695 3868 707 3937 ΙΙ
734 3871 915 3922 erastitudine
933 3872 991 3936 (etc)
1010 3890 1032 3923 u.
1056 3868 1069 3939 ΙΙ
1090 3876 1107 3922 4
1129 3874 1245 3938 rigulam
1267 3890 1308 3938 cp.
1337 3867 1350 3937 ΙΙ
1378 3874 1460 3938 nigra
1482 3889 1508 3921 v.
1531 3868 1544 3936 ΙΙ
1565 3873 1598 3919 5.

432 3956 571 4005 ministros
590 3958 646 4005 ed.:
667 3956 806 4005 menistris
824 3974 846 4015 a,
866 3958 1012 4008 menistrus
1028 3974 1056 4022 p,
1074 3958 1215 4008 ministrus
1233 3965 1292 4008 unte
1309 3973 1363 4007 ras.
1381 3974 1399 4022 9
1418 3955 1479 4021 (sed
1487 3966 1520 4022 90
1531 3957 1580 4004 mi-

432 4038 548 4103 nistris).
570 4035 582 4104 ll
606 4041 621 4087 6
646 4040 800 4091 delectauit
821 4057 879 4106 app.
900 4038 911 4107 ΙΙ
934 4042 1096 4107 pavimenta
1117 4052 1160 4107 με
1181 4047 1240 4092 —to
1258 4059 1290 4107 op
1314 4048 1416 4093 etanta
1435 4058 1507 4093 corr.
1526 4036 1579 4104 gall

432 4127 447 4174 ⁷
467 4123 529 4173 fusa
552 4129 589 4173 sic
607 4139 655 4188 pq:
680 4141 759 4177 om.v
778 4123 956 4188 (siluerint).
979 4122 992 4191 [l
1019 4123 1129 4191 [relique
1153 4128 1264 4192 capitula
1282 4129 1364 4178 enricit
1380 4125 1418 4193 p].
1439 4123 1453 4193 ΙΙ
1476 4130 1494 4177 8
1518 4125 1581 4175 aliia

433 4223 466 4257 ex
483 4225 524 4272 op.
547 4204 560 4273 Η
584 4209 614 4256 11
634 4201 809 4273 paretonium
826 4226 866 4274 ap.
891 4206 903 4276 ΙΙ
927 4212 958 4259 12
976 4210 1087 4260 malenti
1105 4228 1146 4275 ap.
1170 4207 1182 4277 ΙΙ
1206 4211 1265 4261 eius
1283 4211 1391 4263 metalli
1408 4229 1443 4276 ap
1456 4209 1497 4275 (ut
1513 4210 1580 4270 Vra,

429 4309 458 4357 p.
478 4295 534 4354 170,
554 4292 606 4355 19).
631 4289 643 4358 ΙΙ
672 4295 704 4342 14
726 4294 830 4358 optima
849 4299 935 4345 creta‘
945 4294 1079 4359 Smyrnae
1098 4296 1145 4357 (ea
1167 4294 1259 4357 Vitr.):
1283 4298 1386 4361 optima
1403 4297 1528 4347 increta
1546 4295 1581 4345 ci-

431 4377 493 4426 rina
510 4394 552 4441 vp.
574 4372 586 4441 11
607 4377 684 4440 greci
701 4395 741 4442 op.
762 4373 775 4444 ll
797 4379 973 4430 theodoteum
995 4381 1076 4432 Vita:
1102 4378 1309 4445 theodotel—tp
1327 4379 1352 4443 v)
1371 4398 1411 4445 op.
1429 4376 1443 4447 ss
1467 4381 1501 4431 15
1519 4395 1582 4443 quo·

432 4460 495 4511 dam
513 4475 543 4523 p:
569 4461 688 4525 quadam
705 4479 727 4511 v.
750 4460 763 4527 ΙΙ
788 4464 819 4512 16
838 4465 1024 4529 auripimentir
1039 4482 1071 4529 p.
1097 4468 1288 4530 europimentir
1306 4483 1329 4515 a.
1352 4462 1365 4532 ΙΙ
1388 4480 1457 4530 quoa
1476 4465 1581 4516 arseni-

433 4560 484 4595 con
501 4561 541 4608 vp.
562 4540 575 4611 ΙΙ
599 4546 630 4595 17
649 4546 786 4596 sandraca
804 4565 845 4612 up.
868 4545 881 4615 [l
905 4550 935 4597 18
953 4548 1066 4614 ypanim
1083 4566 1109 4599 a:
1134 4551 1283 4614 yppanium
1299 4567 1328 4615 p.
1352 4546 1365 4615 ΙΙ
1388 4548 1457 4598 mini
1474 4566 1497 4599 υ.
1519 4544 1532 4615 ΙΙ
1553 4550 1582 4597 19

433 4627 568 4679 efisiorum
586 4648 609 4682 a.
631 4625 643 4695 ΙΙ
666 4632 697 4679 21
717 4630 799 4695 glebe
817 4649 848 4695 p:
868 4633 971 4697 glaetiae
989 4652 1012 4687 υ.
1029 4630 1042 4699 ΙΙ
1062 4634 1095 4682 22
1115 4633 1236 4685 artifices
1254 4644 1325 4699 a0p02
1344 4632 1420 4682 -cis
1433 4640 1495 4682 enee
1513 4648 1582 4682 corr.

432 4728 472 4774 up.
497 4707 509 4776 ΙΙ
532 4715 565 4762 23
585 4718 730 4777 argentum
748 4733 771 4767 υ.
795 4711 807 4780 ΙΙ
830 4718 863 4765 24
881 4734 958 4769 nam:
977 4720 1015 4767 sic
1031 4735 1073 4782 op.
1096 4714 1108 4783 ΙΙ
1132 4720 1308 4769 sestariorum
1326 4736 1367 4785 ap.
