3984 5825
423 1696 483 1782 ΑΙ)
504 1740 563 1784 uno
584 1725 691 1783 coelice
706 1740 787 1782 uiuite
802 1726 959 1797 eleqnerdilo
977 1728 1112 1798 penitere
1127 1734 1240 1786 lectum
1263 1744 1349 1802 quem
1364 1728 1505 1785 Inuocuues

364 1827 465 1884 elecem
494 1826 638 1884 librorum
668 1820 811 1883 Vitruvii
841 1820 882 1881 do
904 1820 1121 1885 mahiloc-,lura
1145 1863 1179 1870 —
1211 1829 1267 1887 Itoc
1294 1831 1357 1887 solo
1386 1831 1505 1887 nomine

362 1926 523 1985 traditum:
544 1943 615 1986 1111111
638 1927 771 1985 Potionis
792 1942 955 1999 coqnotnen
979 1944 1019 1985 en·
1034 1930 1146 1987 incerti
1160 1932 1292 1988 cnutonis
1306 1930 1405 1987 tinello
1428 1932 1504 1988 artis

361 2028 627 2106 architectonicae,
644 2030 791 2087 incertum
807 2044 865 2102 quo
881 2030 957 2101 lure,
975 2030 1170 2102 ttaditieiunl,
1186 2032 1388 2104 praenomina
1404 2035 1503 2088 aulem

361 2131 449 2189 oraria
470 2146 510 2187 en·
531 2133 663 2205 1111111111
686 2131 860 2188 coniectura
879 2131 1038 2200 tinnuerunt
1050 2131 1127 2190 Itali
1146 2147 1225 2189 saec.
1243 2132 1308 2189 11
1331 2163 1365 2171 -
1375 2175 1384 2204 ,
1409 2133 1443 2189 iel
1463 2148 1503 2190 eu

360 2232 499 2291 coelicum
521 2232 676 2290 erroribus
698 2233 873 2304 lacunisque
901 2233 1031 2290 omnium
1059 2234 1262 2292 eotnnuenibus
1284 2234 1397 2291 (1111111111
1419 2233 1503 2291 iutel-

360 2334 500 2392 leuecunl
517 2334 647 2392 editores
676 2328 719 2409 (I.
745 2334 779 2391 G.
802 2332 970 2391 Schneider
999 2327 1029 2391 in
1052 2332 1160 2407 quaes.
1183 2334 1229 2391 etl.
1260 2334 1342 2408 Lips.
1374 2340 1448 2390 1807
1468 2350 1500 2407 p.

361 2428 460 2511 XII),
489 2434 566 2492 illem
595 2435 647 2507 qui
673 2436 761 2492 nonius
784 2432 860 2505 solii
891 2437 1003 2508 inteqri
1028 2436 1058 2493 in
1081 2436 1246 2511 enchelqno
1275 2436 1503 2495 translationem

360 2551 435 2595 casu
462 2534 591 2608 quodam
619 2533 740 2606 saetam
769 2537 932 2608 intellexit,
967 2538 1118 2595 luculento
1149 2538 1286 2611 eaetuqnlo
1314 2537 1503 2607 coutunnauit

362 2636 490 2695 Carolus
504 2636 671 2694 Loreulzeu
697 2631 833 2715 (Obseru.
857 2639 926 2695 crit.
951 2637 993 2694 ael
1021 2639 1137 2696 l'ilruu.
1163 2639 1278 2697 Gotltac
1303 2643 1429 2711 15:381).
1457 2642 1501 2695 to.

360 2736 404 2808 es.
421 2734 509 2807 infra
523 2743 583 2796 not.
600 2737 685 2811 adp.
704 2744 770 2810 175,
791 2744 828 2794 22
842 2745 871 2795 et
881 2754 916 2812 p.
934 2742 980 2814 92,
996 2735 1058 2817 io).
1092 2740 1146 2797 secl
1166 2740 1223 2798 Iloc
1238 2755 1345 2797 nolunn
1368 2744 1411 2796 est
1433 2744 1462 2796 et
1483 2754 1503 2795 a

359 2855 406 2897 me
427 2844 578 2914 reperlum
601 2845 744 2913 quotquot
770 2855 850 2897 1111111
878 2845 986 2897 entant
1016 2839 1143 2898 l'ilruuil
1170 2841 1360 2914 ceetnplaeiu
1388 2841 1420 2897 in
1443 2839 1503 2897 clleo

358 2957 475 3016 qenera
497 2942 656 3015 dispertita
684 2941 842 3000 (1111101111-
869 2946 985 2999 lanlune
1014 2942 1101 2999 mocio
1123 2942 1276 3000 codicione
1303 2942 1393 2998 etiam
1421 2958 1503 3000 innecte

359 3043 488 3102 seruatis
503 3041 652 3116 prosecta
667 3058 738 3114 esse,
764 3042 839 3101 elleos
861 3043 954 3115 iqitnr
969 3042 1023 3100 Itos
1044 3026 1122 3100 soloe
1143 3044 1229 3115 sequi
1242 3042 1349 3100 (lettere
1370 3057 1436 3099 eum
1451 3043 1504 3113 qui

359 3145 483 3203 molesta
500 3145 641 3217 priorum
664 3145 809 3202 editorum
832 3150 860 3202 et
882 3144 1017 3202 ctbsuetla
1036 3142 1205 3216 sarectqine
1226 3143 1343 3202 obieeta
1363 3143 1503 3200 leetltnes

368 3245 562 3303 Vitruvianas
583 3261 799 3317 reeoquosccee
825 3251 853 3303 et
880 3245 1048 3318 obicemque
1070 3252 1202 3318 peccato
1230 3246 1400 3303 inueterata
1421 3259 1501 3316 suem

359 3346 526 3404 sanationis
538 3345 661 3417 ‹setlluul
668 3391 677 3418 ,
691 3335 694 3340 ’
708 3347 782 3419 quill
808 3362 876 3404 uere
903 3347 1050 3404 traditum
1072 3348 1110 3405 sit
1138 3345 1172 3405 nl
1195 3353 1238 3404 cst
1263 3345 1337 3419 quill
1358 3362 1377 3403 a
1393 3346 1503 3419 peinais

359 3447 480 3507 testibus
500 3449 644 3521 scriplum
668 3448 736 3505 uelit
752 3445 944 3520 patefacere.

445 3549 560 3607 IIorutn
582 3549 730 3607 librorum
753 3565 792 3606 eu
819 3565 877 3622 quo
894 3549 1031 3621 plurima
1059 3548 1189 3606 elediata
1217 3554 1285 3606 situl
1313 3549 1502 3620 cneinnlarm

360 3655 453 3723 atque
475 3650 587 3709 dnobus
614 3651 749 3724 exceptis
775 3665 812 3707 eu
840 3651 940 3708 omnia
968 3665 1046 3722 quae
1073 3650 1119 3707 uel
1145 3656 1283 3721 ncrqenlc
1309 3650 1431 3707 saeculo
1452 3648 1506 3706 III

360 3751 410 3812 vel
429 3751 600 3811 tlttodeeitni
619 3753 714 3810 initiis
735 3768 794 3809 non
821 3754 881 3810 siunt
902 3752 1090 3825 recentiora,
1119 3756 1162 3808 cst
1187 3750 1221 3807 II
1224 3751 1324 3808 arlei
1329 3766 1421 3810 aiens
1443 3767 1501 3809 onl-

359 3854 442 3912 nium
457 3854 689 3927 antiquissimus,
707 3853 816 3911 lilleris
826 3851 932 3923 forma
948 3853 1066 3926 quilleno
1078 3853 1252 3910 minusculis
1267 3857 1299 3910 at
1314 3853 1387 3909 salis
1406 3866 1500 3922 qnan-

360 3955 449 4014 diius
469 3971 530 4028 per
548 3952 630 4024 sollu
660 3960 716 4010 1172
742 3955 873 4027 scriptus
899 3955 1021 4012 saeculo
1048 3950 1135 4011 tlouo.
1181 3953 1230 4012 lue
1257 3958 1301 4011 esl
1327 3952 1425 4011 coelen·
1452 3966 1500 4009 co-

359 4043 438 4116 milis
467 4053 644 4114 Oxonlensis
672 4070 692 4112 a
719 4053 831 4113 Polcno
853 4057 968 4128 passim
997 4057 1124 4125 citatus,
1149 4070 1234 4127 quem
1251 4061 1412 4127 postquam
1432 4053 1501 4109 cinit

359 4173 389 4216 o.
416 4162 493 4214 1721
515 4156 656 4214 Eeluoartl
681 4157 799 4232 IIarleq
826 4138 953 4216 nocero
978 4158 1059 4226 filius
1086 4157 1153 4213 eorl
1180 4153 1219 4226 os
1244 4152 1379 4224 Oxsortl,
1407 4152 1501 4224 paulo

354 4268 426 4334 post
468 4253 554 4336 (teste
581 4257 693 4316 I’oleno
728 4259 759 4316 in
793 4258 962 4316 Exercitat.
1003 4259 1117 4317 Vitrue.
1160 4256 1283 4313 Patauii
1309 4257 1382 4309 1739
1415 4252 1502 4310 editis

354 4377 390 4434 p.
416 4354 483 4435 131)
514 4359 546 4416 in
568 4357 680 4432 ⁴tnqlia
702 4375 853 4432 praeseus
879 4365 1077 4432 excerpserat
1098 4357 1200 4430 Scipio
1227 4352 1353 4426 Illaffei:
1377 4351 1501 4424 frustra

360 4464 386 4521 is
408 4461 542 4534 quidem,
572 4475 642 4517 nam
671 4460 714 4517 acl
739 4461 817 4519 Itane
846 4477 937 4534 nsque
966 4465 1095 4518 aelalem
1127 4456 1219 4514 nillilo
1245 4455 1343 4512 acinus
1366 4452 1430 4525 suit
1456 4457 1500 4514 in-

360 4561 507 4634 coqnilus.
547 4565 687 4620 tenuerat
715 4563 781 4619 olim
803 4563 854 4635 qui
873 4578 929 4621 sno
951 4577 1043 4618 nnana
1065 4571 1171 4614 unomen.
1194 4556 1346 4629 iuscrqnsil
1374 4549 1500 4614 (1111111-

360 4678 519 4720 ramnus
540 4657 771 4743 propositus
793 4664 905 4721 scilicet
924 4660 1032 4718 Sancti
1050 4658 1244 4718 Pantaleotuis
1262 4657 1412 4730 Coloniae,
1429 4662 1501 4731 post

1281 4751 1300 4791 u
