3984 5825
641 680 688 726 nn
712 676 978 726 sncnrrnorunn
1002 677 1071 724 nm.
1093 678 1154 723 vn.
1410 662 1469 726 157

327 835 466 920 scripta,
495 831 633 920 populus
663 841 796 894 cunctus
825 829 1040 915 significando
1061 829 1214 893 monebat
1235 829 1360 893 iudices
1384 830 1470 916 quod

327 935 512 1022 probarent.
564 935 672 1019 itaque
701 955 774 995 cum
796 932 838 995 ab
861 931 1000 1016 singulis
1024 932 1205 996 sententiae
1229 939 1304 994 sunt
1325 939 1468 1014 rogatae,

327 1059 386 1101 sex
413 1059 478 1100 una
506 1035 661 1099 dixerunt
691 1043 723 1097 et
750 1055 846 1119 quem
873 1035 1016 1097 maxime
1038 1022 1339 1097 animadverterunt
1360 1030 1469 1095 multi·

326 1138 433 1203 tudini
456 1136 627 1225 placuisse,
652 1135 681 1198 ei
703 1136 842 1221 primum
865 1137 1062 1222 praemium,
1085 1135 1271 1221 insequenti
1292 1131 1470 1197 secundum

326 1238 522 1303 tribuerunt.
573 1236 809 1323 Aristophanes
833 1259 910 1302 vero
933 1260 1007 1302 cum
1029 1236 1071 1300 ab
1094 1259 1131 1301 eo
1155 1236 1316 1300 sententia
1338 1248 1503 1319 rogare-5

327 1350 395 1421 tur,
425 1362 497 1403 eum
526 1340 665 1425 primum
693 1339 873 1403 renuntiari
900 1340 995 1403 iussit
1023 1340 1079 1424 qui
1106 1330 1240 1402 minime
1261 1334 1380 1423 populo
1402 1335 1470 1422 pla-

294 1455 309 1504 7
328 1442 459 1506 suisset.
504 1463 577 1505 oum
597 1449 706 1504 autem
727 1462 787 1503 rex
810 1450 841 1505 et
863 1442 1011 1504 universi
1033 1439 1241 1503 vehementer
1262 1438 1470 1522 indignaren-
1530 1485 1532 1490 -

328 1552 396 1625 tur,
426 1543 567 1606 surrexit
595 1552 627 1606 et
648 1542 794 1625 rogando
817 1543 1005 1628 impetravit
1027 1551 1063 1606 ut
1084 1550 1272 1628 paterentur
1294 1561 1329 1603 se
1351 1539 1470 1602 dicere.

329 1647 438 1729 itaque
466 1641 595 1707 silentio
623 1642 709 1707 facto
738 1642 849 1708 docuit
876 1666 976 1707 unum
1004 1665 1046 1706 ex
1066 1642 1117 1706 his
1142 1665 1215 1706 euru
1237 1663 1308 1722 essa
1330 1650 1470 1726 poetam,

329 1756 451 1810 eeteros
467 1743 574 1807 aliena
587 1744 788 1826 recitavisse,
811 1754 961 1830 oportere
974 1754 1081 1808 autem
1102 1743 1284 1807 iudicantes
1305 1765 1370 1806 non
1384 1741 1472 1805 furta
1490 1755 1521 1802 10

329 1848 387 1910 sed
416 1848 538 1932 scripta
566 1845 714 1933 probare.
769 1845 952 1910 admirante
979 1844 1099 1933 populo
1127 1856 1159 1908 et
1186 1867 1264 1929 rege
1287 1843 1469 1924 dubitante,

328 1950 434 2052 fretrm
452 1948 608 2013 memoria
630 1969 648 2010 e
671 1949 768 2012 certis
790 1949 938 2011 armariis
961 1947 1090 2028 infinita
1110 1946 1278 2011 volumina
1301 1945 1416 2009 eduxit
1439 1953 1471 2007 et

328 2074 366 2114 ea
389 2073 460 2115 cum
489 2050 634 2114 recitatis
663 2050 859 2115 conferendo
888 2051 994 2134 coegit
1017 2051 1105 2134 ipsos
1127 2047 1252 2112 furatos
1276 2047 1316 2111 de
1339 2069 1374 2110 se
1396 2068 1470 2110 con-

327 2153 423 2216 fiteri.
473 2151 583 2237 itaque
612 2173 672 2215 rex
701 2153 796 2216 iussit
824 2158 896 2216 cum
923 2149 974 2214 his
996 2144 1060 2234 agi*
1074 2151 1154 2213 furti
1176 2150 1472 2232 condemnatosque

329 2277 402 2317 eum
424 2253 601 2337 ignominia
624 2252 764 2335 dimisit,
793 2252 1038 2338 Aristophanen
1066 2274 1144 2316 vero
1169 2249 1381 2336 amplissimis
1403 2272 1471 2312 mu-
1491 2263 1523 2310 15

296 2354 460 2418 snerihus
490 2355 620 2417 ornavit
649 2364 680 2416 et
703 2376 801 2439 supra
823 2353 1055 2418 bibliothecam
1077 2353 1257 2439 constituit.
1300 2352 1471 2437 insequen-

330 2457 418 2520 tibus
440 2456 534 2519 annis
558 2477 577 2517 a
599 2455 793 2519 Macedonia
815 2454 938 2535 Zoilus,
963 2457 1019 2541 qui
1041 2454 1212 2541 adoptavit
1235 2474 1414 2538 cognomen
1436 2460 1472 2514 ut

331 2555 596 2620 Homeromastix
611 2558 820 2638 vocitaretur,
844 2556 1079 2620 Alexandriam
1094 2558 1184 2620 venit
1207 2577 1328 2641 suaque
1351 2554 1474 2638 scripta

332 2666 443 2722 contra
464 2655 603 2720 Iliadem
631 2666 663 2719 et
686 2655 858 2742 Odyssean
886 2668 1071 2744 comparata
1097 2659 1168 2742 regi
1190 2656 1352 2721 recitavit.
1396 2655 1471 2718 Pto-

331 2758 471 2824 lomaeus
487 2779 565 2822 vero
588 2777 659 2822 cum
682 2758 969 2822 animadvertisset
990 2767 1158 2844 poetarum
1179 2766 1347 2844 parentem
1369 2754 1472 2841 philo·
1491 2769 1524 2818 20

331 2860 501 2947 logiaeqne
523 2862 627 2925 omnis
649 2860 764 2925 ducem
786 2858 953 2924 absentem
977 2861 1093 2923 vexari
1115 2868 1147 2922 et
1169 2859 1260 2921 cuius
1283 2857 1325 2920 ab
1348 2858 1473 2920 cunctis

331 2963 484 3048 gentibus
513 2964 636 3049 scripta
665 2964 908 3049 suspicerentur
936 2961 978 3025 ab
1007 2983 1044 3026 eo
1074 2963 1268 3047 vituperari,
1298 2960 1473 3043 indignans

331 3063 454 3128 nullum
482 3066 512 3128 ei
541 3063 633 3128 dedit
660 3086 862 3150 responsum.
911 3062 1025 3128 Zoilus
1053 3074 1161 3126 autem
1188 3085 1262 3125 oum
1289 3063 1412 3126 diutius
1440 3062 1475 3123 in

301 3217 303 3221 .
331 3188 431 3250 regno
453 3164 580 3248 fuisset,
604 3166 715 3251 inopia
734 3188 865 3251 pressus
887 3165 1050 3228 summisit
1068 3165 1111 3227 ad
1131 3186 1241 3248 regem
1257 3162 1423 3250 postulans
1439 3171 1474 3225 ut

299 3266 456 3354 aaliquid
484 3266 549 3331 sibi
576 3267 785 3332 tribueretur.
834 3289 894 3330 rex
921 3288 1000 3329 vero
1028 3265 1236 3353 respondisse
1264 3265 1384 3328 dicitnr
1405 3263 1472 3327 Ho-
1491 3275 1525 3324 25

332 3390 477 3451 merum,
511 3369 567 3455 qui
598 3379 674 3433 ante
706 3391 808 3432 annos
836 3367 925 3431 mille
953 3366 1169 3449 decessisset,
1202 3389 1284 3431 aevo
1317 3374 1473 3453 perpetuo

333 3470 435 3535 multa
460 3469 551 3535 milia
577 3470 744 3535 hominum
771 3492 920 3556 pascere,
948 3471 1028 3533 item
1050 3469 1170 3533 dehere
1192 3470 1248 3555 qui
1270 3467 1403 3532 meliore
1424 3469 1472 3531 in-

333 3669 560 3678 ...—.——-

401 3799 414 3845 l
435 3796 516 3861 quod:
536 3798 574 3845 sio
593 3796 651 3845 GH.
674 3791 687 3859 ΙΙ
709 3798 725 3845 3
743 3795 872 3845 dixerunt
884 3795 912 3844 H
924 3794 1007 3859 (Ηώς
1026 3794 1185 3845 direxerunt
1205 3795 1234 3846 θ.
1251 3789 1263 3860 ΙΙ
1278 3796 1293 3843 6
1306 3792 1473 3844 renuntiari:

332 3884 371 3931 sic
384 3881 442 3930 GH.
461 3877 473 3946 ΙΙ
488 3882 504 3931 8
516 3880 676 3944 impetravit
688 3881 729 3928 ed.
743 3876 831 3945 (ree.):
846 3881 990 3945 imperavit
1002 3881 1061 3930 GH.
1073 3879 1086 3946 ΙΙ
1103 3882 1134 3931 10
1147 3875 1318 3944 oporterest²
1332 3886 1391 3928 anie
1403 3893 1471 3927 corr.

335 3968 389 4031 (qui
405 3982 457 4018 scr.
472 3968 564 4013 autem
581 3980 661 4029 supra
677 3962 732 4030 at2)
754 3966 783 4015 θ.
799 3961 811 4030 ΙΙ
829 3966 859 4013 12
872 3965 1003 4014 memoria
1021 3964 1130 4015 oeertis
1142 3964 1212 4015 Joc.:
1232 3960 1379 4011 memoriae
1392 3960 1471 4021 (-iae

334 4052 366 4108 L,
385 4050 445 4114 -ie
466 4049 522 4110 Gis)
542 4049 625 4099 certis
644 4049 702 4104 GH,
725 4045 738 4114 ll
762 4051 793 4099 15
811 4049 916 4098 dimisit
932 4051 961 4097 H
983 4046 1068 4111 (Llc),
1091 4048 1201 4098 demisit
1224 4047 1254 4097 G.
1278 4042 1290 4111 ΙΙ
1312 4044 1473 4108 Aristopha-

334 4150 401 4185 nen:
419 4136 456 4183 sic
476 4133 529 4183 GH
546 4131 624 4197 (Llr).
647 4128 659 4198 ll
683 4135 714 4182 16
732 4134 831 4185 biblio·
850 4134 880 4196 G,
898 4132 1005 4197 byblio-
1023 4134 1055 4182 H
1070 4133 1134 4195 (Le,
1157 4130 1262 4193 biblyo-
1281 4128 1308 4191 l).
1331 4125 1344 4195 [l
1369 4132 1398 4178 17
1417 4145 1473 4178 ma-

335 4219 471 4269 chedonis
491 4218 543 4268 GH
564 4216 626 4279 (Le,
645 4233 735 4268 mace·
753 4221 781 4280 l).
806 4214 817 4285 ll
840 4221 872 4269 18
894 4217 1124 4281 homerolmastix
1143 4216 1176 4273 G,
1195 4213 1305 4263 homero
1328 4213 1428 4263 mastix
1445 4214 1475 4262 H

335 4301 407 4366 (Lis,
429 4305 478 4352 sed
500 4317 591 4354 omero
610 4304 631 4361 l,
653 4305 762 4366 mastyx
784 4300 835 4363 ct).
864 4298 877 4366 ΙΙ
905 4304 936 4352 19
958 4302 1064 4352 iliaden
1088 4304 1116 4349 et
1137 4299 1260 4349 odissian
1284 4297 1334 4346 GH
1357 4294 1437 4359 (hle).
1460 4295 1471 4361 ll

334 4386 472 4453 pt0(ptho
490 4386 616 4451 illameus
635 4387 686 4437 GH
703 4385 783 4451 (hic).
805 4382 819 4454 Η
845 4389 878 4436 22
897 4390 1118 4453 suspicerentur:
1139 4386 1177 4440 sic
1201 4383 1258 4432 GH.
1286 4377 1298 4447 Η
1326 4380 1474 4445 indignans

336 4473 369 4521 G:
393 4471 521 4536 indignus
544 4472 573 4520 H
596 4469 676 4537 (Llc).
700 4468 713 4539 ss
735 4474 768 4523 24
791 4486 902 4538 pressus
924 4471 1060 4522 summisit
1083 4471 1124 4519 ed.
1147 4464 1235 4530 (reulz
1256 4481 1380 4531 pressum
1401 4481 1473 4515 sum·

333 4556 409 4606 misit
421 4557 447 4604 H
460 4553 609 4621 (pressum.
620 4558 755 4608 summisit
766 4575 788 4617 e,
806 4554 1040 4624 pressis.s1'1misit
1051 4553 1099 4611 Llr,
1116 4566 1227 4617 pressus
1237 4551 1372 4601 summisit
1387 4552 1397 4599 l
1415 4558 1474 4600 ante

333 4656 402 4692 corr.
421 4642 465 4708 qui
478 4642 543 4705 fecit
560 4655 671 4708 pressus
688 4642 774 4708 misit,
791 4645 839 4694 sed
854 4658 897 4708 pr.
915 4633 1345 4704 m.ser1‘pturamrestituitalius),
1362 4650 1474 4705 pressus

333 4726 408 4777 misit
426 4726 457 4783 θ.
