3984 5825
436 662 498 726 238
925 676 1082 724 vrruuvn

812 787 824 820 ἱ

395 872 400 879 ·
436 854 514 894 auro
542 831 722 916 perfectum
751 843 806 891 aut
838 850 879 891 ex
907 850 1035 911 gemma
1058 828 1236 892 terebrata.
1282 851 1321 892 ea
1343 831 1429 893 enim
1453 851 1515 891 nec
1537 838 1584 892 te·

435 943 551 996 runtur
578 954 733 1017 percursu
760 952 863 1015 aquae
890 952 950 992 nce
978 929 1090 994 sordes
1123 932 1285 1017 rccipiunt
1313 940 1348 994 ut
1377 930 1585 995 obturentur.

435 1056 574 1120 namque
596 1032 775 1117 aequaliter
797 1053 854 1116 per
876 1033 910 1094 id
934 1054 1048 1095 cavum
1072 1031 1211 1096 influens
1234 1054 1319 1118 aqua
1341 1032 1495 1096 sublevat
1513 1049 1619 1097 sea-5

436 1135 546 1220 phium
571 1137 748 1214 inversum,
772 1133 857 1217 quod
880 1134 922 1195 ab
944 1132 1124 1196 artificibus
1147 1132 1272 1218 phellos
1295 1134 1367 1196 sivo
1389 1145 1585 1222 tympanum

401 1237 566 1300 adicitur.
611 1237 645 1298 in
669 1258 731 1320 quo
755 1232 922 1297 conlocata
944 1244 993 1298 est
1015 1233 1129 1318 regula
1152 1234 1300 1298 versatili
1323 1245 1481 1322 tympano
1504 1237 1584 1299 den-

435 1335 544 1400 ticulis
567 1335 757 1422 aequalibus
780 1335 934 1421 perfecta.
979 1337 1034 1421 qui
1057 1335 1215 1400 denticuli
1242 1336 1326 1399 alius
1354 1336 1456 1400 aliurn
1479 1336 1585 1423 inpel-

435 1437 537 1501 lentes
567 1438 767 1501 versationes
795 1436 939 1499 modicas
967 1437 1093 1499 faciunt
1120 1448 1152 1501 et
1179 1440 1347 1502 motiones.
1392 1440 1473 1502 item
1499 1436 1587 1500 aliae

434 1538 566 1624 regulae
598 1538 726 1622 aliaque
758 1547 914 1623 tympana
946 1538 987 1601 ad
1023 1539 1161 1602 cundem
1194 1539 1327 1603 modum
1355 1540 1490 1604 dentata
1519 1563 1588 1604 una

435 1642 577 1705 motione
607 1650 718 1703 coacta
741 1638 902 1702 versando
932 1639 1058 1703 faciunt
1086 1641 1220 1704 effectus
1248 1642 1492 1728 varietatesque
1515 1665 1586 1705 mo-

387 1758 417 1804 ro
435 1745 570 1823 tionum,
595 1744 628 1805 in
652 1741 769 1827 quibus
792 1749 964 1803 moventur
986 1738 1105 1824 sigilla,
1131 1752 1302 1806 vertuntur
1324 1752 1442 1827 metae,
1466 1743 1587 1808 calculi

435 1855 491 1908 aut
514 1867 575 1907 ova
597 1845 809 1928 proiciuntur,
834 1842 971 1905 bucinae
993 1852 1124 1924 canunt,
1147 1842 1337 1930 reliquaque
1358 1867 1511 1931 parerga.
1551 1846 1620 1908 ino

436 1946 486 2008 his
510 1947 608 2008 ctiam
630 1955 686 2007 aut
708 1946 743 2008 in
765 1942 914 2007 columna
934 1952 991 2007 aut
1013 1947 1208 2029 parastatica
1224 1945 1322 2010 horae
1337 1930 1585 2028 describuntur,

435 2070 515 2133 quas
544 2045 688 2130 sigillum
716 2045 888 2130 egrediens
915 2044 958 2108 ab
985 2047 1050 2109 imo
1079 2045 1209 2129 virgula
1238 2047 1402 2131 significat
1429 2049 1465 2111 in
1492 2048 1585 2112 diem

434 2160 547 2213 totum.
587 2170 723 2233 quarum
746 2147 925 2210 brevitates
947 2156 1004 2210 aut
1026 2148 1221 2211 crescentias
1241 2169 1417 2213 cuneorum
1431 2149 1585 2213 adiectus

386 2265 416 2311 15
433 2248 489 2314 airt
512 2260 683 2336 exemptus
705 2251 739 2312 in
762 2248 900 2332 singulis
924 2248 1041 2311 dicbus
1066 2258 1097 2311 et
1120 2249 1285 2313 mensibus
1307 2250 1465 2337 perficere
1480 2253 1585 2336 cogit.

434 2352 674 2437 praeclusiones
696 2372 852 2435 aquarum
874 2350 916 2412 ad
938 2349 1185 2435 temperandum
1206 2352 1253 2414 ita
1274 2361 1350 2415 sunt
1370 2355 1584 2418 constitutae.

434 2464 539 2515 metae
568 2453 650 2515 fiunt
678 2453 777 2532 duae,
808 2472 873 2514 una
901 2449 1006 2514 solida
1033 2473 1098 2514 una
1126 2474 1222 2532 cava,
1257 2474 1298 2514 ex
1320 2462 1414 2518 torno
1435 2455 1483 2518 ita
1507 2477 1582 2540 per—

433 2555 538 2617 lectae
560 2552 682 2617 utalia
704 2556 738 2616 in
766 2552 862 2616 aliam
891 2554 973 2615 inire
996 2555 1236 2638 convenireque
1257 2555 1376 2638 possit,
1408 2565 1440 2618 et
1464 2555 1584 2619 eadem

433 2655 546 2739 regula
573 2653 693 2719 laxatio
723 2677 835 2718 carum
865 2663 921 2715 aut
950 2655 1106 2716 coartatio
1129 2654 1251 2717 efficiat
1272 2664 1329 2717 aut
1351 2657 1583 2720 vehementem

383 2771 415 2817 ‘20
433 2768 489 2820 aut
511 2755 616 2819 lencm
639 2758 673 2819 in
696 2779 733 2818 ca
755 2778 835 2819 vasa
856 2775 958 2839 aquae
980 2754 1169 2818 influentem
1197 2778 1338 2819 cursum.
1383 2759 1430 2821 ita
1452 2757 1506 2822 his
1530 2781 1582 2822 ra-

432 2859 577 2924 tionibus
601 2869 633 2921 et
654 2858 892 2920 machinatione
915 2878 956 2918 cx
978 2877 1062 2941 aqua
1085 2867 1320 2943 componuntur
1334 2858 1582 2944 horologiorum

432 2962 474 3026 ad
503 2962 675 3025 hibernum
703 2981 798 3022 usum
827 2956 1074 3021 conlocationes
1121 2960 1172 3021 sin
1199 2969 1307 3022 autem
1335 2961 1617 3025 adiectionibus?

433 3074 464 3127 et
486 3063 743 3127 detractionibus
767 3060 985 3145 correptiones
1009 3059 1135 3122 dierum
1157 3070 1213 3124 aut
1235 3063 1433 3125 crescentiae
1458 3084 1501 3125 ex
1525 3086 1581 3127 cu-

433 3168 503 3229 neis
526 3188 590 3228 non
612 3162 838 3250 probabuntur
859 3161 946 3240 fieri,
978 3159 1066 3245 quod
1089 3162 1183 3223 cunei
1211 3163 1402 3247 saepissime
1424 3165 1509 3227 vitia¹
1532 3166 1581 3227 fa-

382 3280 415 3326 25
434 3268 538 3347 ciunt,
563 3267 610 3329 sic
633 3266 694 3327 crit
717 3261 957 3349 explicandum.
1004 3264 1038 3324 in
1060 3261 1229 3326 columella
1251 3263 1349 3328 horae
1371 3286 1414 3327 ex
1435 3264 1580 3328 analem-

433 3369 528 3429 matis
551 3377 738 3429 transverse
759 3364 995 3443 describantur,
1018 3373 1267 3449 menstruaeque
1286 3364 1392 3428 lineae
1407 3367 1582 3430 columella

433 3470 613 3549 signentur.
661 3488 762 3550 eaque
791 3464 939 3528 columna
966 3463 1130 3527 versatilis
1158 3465 1360 3549 perficiatur,
1390 3469 1440 3531 uti
1468 3469 1512 3531 ad
1537 3470 1580 3532 si·

502 3693 514 3739 1
535 3689 705 3741 tenebrata
726 3688 754 3737 G.
778 3683 790 3752 ll
814 3690 828 3734 2
848 3702 979 3750 percursa
999 3689 1108 3751 (peurssr
1127 3687 1175 3752 L):
1198 3704 1300 3752 peussu
1321 3690 1374 3739 GH
1391 3688 1446 3757 (lc).
1470 3687 1482 3757 ll
1506 3708 1578 3758 aque

432 3774 526 3826 sordes
544 3790 595 3823 nec
613 3789 633 3821 r.
653 3780 712 3821 ante
730 3786 797 3820 corr.
820 3771 847 3819 G.
873 3767 885 3835 ll
908 3776 1069 3835 aptarentur
1086 3772 1115 3820 II
1133 3770 1190 3833 (Le,
1209 3774 1265 3823 obt.
1278 3772 1313 3836 l):
1333 3774 1500 3826 obdurentur
1521 3777 1551 3831 G.
1565 3773 1576 3841 ll

432 3859 610 3925 3seaphium
632 3857 724 3906 Tarm:
754 3855 888 3919 scapham
911 3853 974 3917 l-r’r
995 3856 1026 3919 G)
1053 3856 1110 3905 GH.
1135 3852 1146 3921 ll
1176 3859 1191 3907 5
1214 3863 1256 3907 est
1279 3858 1377 3923 regula
1396 3886 1428 3894 -
1448 3860 1578 3924 perfecta

433 3946 517 3995 Mun:
547 3942 675 4008 eregula
698 3939 832 3992 versatile
856 3943 988 4004 tympana
1008 3941 1032 3988 d.
1052 3957 1076 3992 a.
1097 3945 1159 3989 sunt
1180 3942 1307 4005 perfecta
1326 3942 1385 3992 GH.
1406 3939 1420 4009 ll
1446 3946 1476 3993 11
1500 3944 1577 3993 buci-

432 4045 497 4079 nae:
517 4031 553 4077 sr'c
568 4028 626 4078 GH.
643 4023 654 4092 ll
672 4030 785 4089 loquar
803 4025 874 4074 loa:
900 4023 999 4089 quae(e
1019 4024 1050 4086 G)
1071 4024 1128 4073 GH.
1150 4020 1162 4088 ll
1185 4025 1305 4090 sigillum
1323 4027 1352 4075 H
1370 4024 1457 4091 (Llclz
1481 4025 1576 4089 sililh'r

434 4132 463 4180 G.
487 4128 498 4195 Η
523 4132 554 4178 14
573 4144 686 4193 quarum
704 4129 774 4178 loe:
796 4141 906 4190 quorum
922 4126 979 4174 GH.
1003 4122 1015 4189 ll
1039 4126 1070 4173 16
1089 4116 1192 4190 aq'alrr'r
1211 4126 1262 4177 Hc,
1285 4122 1297 4191 ΙΙ
1326 4129 1357 4176 17
1376 4126 1446 4176 fiunt
1464 4163 1471 4177 .
1533 4143 1576 4177 so·

430 4213 487 4261 lida
506 4229 561 4261 una
581 4229 661 4263 cava:
690 4215 727 4262 ric
747 4212 804 4263 GH.
833 4206 844 4275 ΙΙ
874 4214 987 4258 externa
1011 4216 1069 4257 uate
1092 4224 1162 4259 corr.
1182 4210 1210 4259 G.
1235 4207 1247 4275 ΙΙ
1275 4213 1308 4261 20
1330 4209 1392 4260 leue
1417 4212 1448 4263 G.
1470 4207 1483 4277 ll
1507 4227 1576 4261 vasa

432 4313 522 4360 aquae
541 4300 596 4346 edu
619 4312 760 4360 vasaquae
779 4296 807 4344 H
825 4293 880 4356 (ele,
903 4309 973 4344 vasa
997 4298 1092 4357 quaele
1111 4297 1127 4349 1)
1145 4294 1204 4356 Li),
1227 4310 1366 4361 vasaque
1386 4296 1416 4346 G.
1441 4294 1454 4362 Η
1477 4300 1509 4346 22
1530 4310 1576 4347 cu·

431 4397 544 4430 neorunr
569 4381 836 4432 adiectionibus
857 4377 1030 4428 crescentiae
1059 4392 1091 4425 ex
1121 4379 1217 4427 cuneis
1241 4393 1295 4429 nen
1317 4378 1491 4444 probabunt‘l
1517 4381 1576 4431 fieri

432 4466 468 4530 qo
487 4467 567 4516 cunei
591 4466 641 4515 GH
663 4466 822 4525 (cuneorum
845 4480 891 4529 epo
913 4463 1005 4519 delevi,
1031 4476 1063 4509 ex
1087 4462 1182 4511 cuneis
1205 4470 1230 4511 et
1252 4461 1312 4511 fieri
1336 4465 1386 4514 del.
1405 4464 1484 4526 doc).
1507 4461 1519 4530 ΙΙ
1544 4468 1576 4514 23

433 4550 613 4614 correptionis
631 4558 689 4598 aare
707 4566 775 4599 corr.
796 4550 824 4598 G.
845 4544 858 4614 fl
881 4548 914 4597 25
932 4563 966 4596 er
985 4544 1175 4594 analemmatis
1193 4549 1233 4595 ed.
1253 4544 1299 4609 (ef.
1319 4550 1380 4606 236,
1392 4548 1432 4609 2):
1451 4553 1577 4598 -matos

434 4633 492 4681 GH.
515 4630 526 4699 ΙΙ
550 4635 583 4681 26
600 4634 691 4683 lineae
712 4632 869 4683 columella:
888 4634 926 4680 sic
945 4630 996 4679 611
1014 4627 1054 4691 (in
1073 4629 1123 4678 col.
1143 4628 1203 4692 ert).
1227 4626 1239 4694 ΙΙ
1262 4631 1294 4678 27
1314 4630 1442 4680 columna
1464 4631 1576 4695 (-—h‘ma

433 4714 484 4776 ll):
502 4717 539 4763 sic
558 4718 615 4768 GH.
