3984 5825
690 714 738 761 un
761 713 1029 762 nocturnorum
1052 715 1122 761 ms.
1146 716 1182 761 u.
1469 700 1510 764 35
1567 746 1573 755 .

365 864 538 929 arboribus
569 874 748 930 statuentes
776 867 818 929 ad
847 866 1115 952 perpendiculum
1144 869 1281 930 imarum
1305 867 1446 931 educunt
1467 869 1508 930 ad

361 964 571 1030 altitudinem
593 976 717 1050 turres,
747 966 999 1053 intervallaque,
1029 989 1110 1053 quae
1132 966 1357 1053 relinquuntur
1379 979 1512 1056 propter

362 1068 614 1132 crassitudinem
629 1070 795 1153 materiae,
818 1069 954 1133 schidiis
970 1079 1003 1132 et
1018 1068 1085 1133 luto
1101 1069 1284 1133 obstruunt.
1318 1071 1397 1135 item
1412 1080 1509 1152 tecta,

359 1168 544 1233 recidentes
571 1169 613 1232 ab
642 1180 788 1235 extremo
816 1180 973 1252 transtra,
1009 1171 1165 1234 traiciunt
1193 1171 1356 1255 gradatim
1384 1183 1508 1237 eontra·

361 1270 493 1354 hentes,
525 1279 557 1335 et
580 1273 626 1335 ita
649 1293 690 1335 ex
713 1281 867 1357 quattuor
892 1271 1042 1357 partibus
1070 1271 1113 1334 ad
1139 1271 1346 1336 altitudinem
1370 1273 1544 1338 educuntt

361 1371 470 1437 medio
492 1382 606 1454 metas,
631 1395 710 1459 quas
731 1371 848 1436 fronde
871 1381 903 1436 et
925 1372 992 1436 luto
1014 1382 1161 1457 tegentes
1178 1373 1324 1438 efficiunt
1339 1374 1510 1439 barbarico

329 1487 344 1535 5
362 1494 452 1537 more
467 1474 668 1538 testudinata
683 1474 821 1538 turrium
836 1483 932 1538 tecta.
970 1471 1119 1561 Phryges
1137 1496 1225 1557 vero,
1250 1477 1305 1560 qui
1321 1477 1509 1561 campestri-

362 1573 424 1637 bus
447 1562 526 1638 locis
550 1584 625 1639 sunt
646 1574 847 1657 habitantes,
876 1573 1009 1662 propter
1030 1576 1174 1661 inopiam
1198 1574 1354 1641 silvarum
1377 1587 1524 1661 egentes,

364 1677 502 1740 materia
524 1675 649 1760 eligunt
671 1675 812 1741 tumulos
834 1676 999 1741 naturales
1023 1698 1142 1762 eosque
1157 1675 1282 1741 medios
1298 1678 1427 1742 fossura
1443 1678 1507 1741 dis—

361 1779 503 1842 tinentes
526 1786 558 1841 et
580 1777 698 1842 itinera
726 1777 946 1865 perfodientes
975 1776 1114 1842 dilatant
1142 1779 1247 1865 spatia
1275 1789 1430 1865 quantum
1452 1801 1507 1843 na·
1529 1794 1560 1841 10

362 1889 436 1943 tura
456 1877 520 1943 loci
542 1879 675 1966 patitur.
718 1880 852 1965 insuper
874 1889 983 1943 autem
1011 1879 1139 1966 stipites
1168 1880 1253 1943 inter
1275 1901 1311 1943 se
1332 1881 1508 1966 religantes

362 1988 465 2044 metas
488 1979 645 2062 efficiunt,
669 1978 749 2067 quas
772 1979 1010 2044 harundinibus
1034 1989 1066 2044 et
1089 1981 1260 2044 sarmentis
1281 1990 1429 2066 tegentes
1453 2006 1508 2047 cx-

361 2089 519 2167 aggerant
547 2103 643 2167 supra
671 2080 889 2146 habitationes
918 2102 935 2144 e
962 2092 1049 2146 terra
1082 2082 1242 2146 maximos
1276 2105 1418 2167 grumos.
1463 2086 1509 2149 ita

361 2182 485 2247 hiemes
508 2180 737 2264 calidissimas,
760 2191 900 2246 aestates
924 2182 1156 2267 frigidissimas
1180 2182 1327 2248 efficiunt
1348 2194 1509 2251 tectorum

361 2285 514 2348 rationes.
551 2282 699 2347 nonnulli
722 2305 764 2347 ex
785 2284 862 2347 ulva
884 2282 1024 2371 palustri
1046 2293 1243 2371 componunt
1264 2288 1396 2370 tuguria
1410 2295 1507 2351 tecta.
1530 2300 1560 2348 la

361 2385 450 2471 apud
480 2393 605 2449 ceteras
635 2406 761 2471 quoque
790 2395 904 2469 gentes
928 2396 960 2450 et
981 2385 1137 2451 nonnulla
1159 2385 1230 2450 loca
1252 2388 1324 2473 pari
1346 2386 1509 2474 similique

361 2488 488 2550 ratione
503 2507 651 2550 casarum
666 2485 878 2573 perficiuntur
900 2488 1162 2552 constitutiones.
1206 2511 1271 2552 non
1286 2491 1393 2553 minus
1411 2490 1507 2554 otiam

362 2579 537 2652 Massiliae
551 2587 812 2652 animadvertere
834 2610 1005 2674 possumus
1029 2589 1100 2652 sine
1122 2589 1254 2674 tegulis,
1279 2590 1413 2655 subacta
1436 2614 1508 2654 eum
1535 2610 1538 2615 ·

361 2687 464 2774 paleis
487 2699 590 2769 terra,
621 2699 717 2753 tecta.
762 2688 901 2752 Athenis
925 2691 1091 2776 Areopagi
1113 2691 1319 2776 antiquitatis
1342 2691 1510 2777 exemplar

361 2789 403 2852 ad
419 2789 481 2853 hoc
495 2799 623 2878 tempus
639 2789 706 2855 luto
722 2798 853 2854 tectum.
899 2791 977 2854 item
998 2792 1033 2853 in
1049 2791 1211 2877 Capitolio
1232 2792 1508 2857 commonefacere
1527 2806 1559 2853 20

362 2898 470 2978 potest
493 2899 525 2956 et
547 2890 733 2977 significare
755 2914 859 2957 mores
882 2893 1058 2956 vetustatis
1074 2891 1204 2956 Romuli
1227 2915 1301 2957 casa
1324 2904 1356 2959 et
1378 2896 1412 2958 in
1434 2917 1508 2958 arce

328 3010 526 3057 osaerorum
550 2995 733 3058 stramentis
756 3003 852 3058 tecta.
897 2996 943 3057 ita
965 2995 1015 3058 his
1040 2995 1143 3079 signis
1167 2995 1207 3058 de
1229 2996 1371 3080 antiquis
1394 2997 1507 3058 inven-

361 3094 505 3158 tionibus
539 3094 761 3160 aedificiorum
794 3096 842 3158 sic
869 3117 906 3158 ea
933 3094 1037 3159 fuisse
1071 3096 1302 3160 ratiocinantes
1336 3119 1507 3183 possumus

361 3194 517 3259 iudicare.

439 3295 532 3373 ,Cum
559 3307 666 3361 autem
697 3297 817 3363 cotidie
843 3298 994 3363 faciendo
1022 3300 1166 3364 tritiores
1195 3320 1308 3363 manus
1331 3298 1373 3363 ad
1396 3299 1507 3362 aedifi·
1526 3314 1558 3363 at

364 3396 503 3462 candum
529 3398 743 3485 perfecissent
772 3409 804 3463 et
831 3399 973 3464 sollertia
996 3402 1127 3485 ingenia
1150 3400 1331 3465 exercendo
1353 3422 1412 3488 per
1434 3422 1506 3465 con-

364 3499 571 3564 suetudinem
598 3499 641 3563 ad
669 3512 755 3565 artes
785 3502 1033 3589 pervenissent,
1062 3512 1131 3566 tum
1159 3504 1256 3566 etiam
1283 3502 1445 3567 industria
1474 3504 1508 3566 in

363 3602 480 3666 animis
508 3622 619 3666 eorum
645 3602 774 3667 adiecta
799 3602 937 3689 perfecit
964 3611 1001 3666 ut
1023 3605 1079 3688 qui
1101 3603 1232 3668 fuenmt
1255 3605 1289 3669 in
1310 3604 1362 3668 his
1385 3605 1507 3669 studio-

365 3791 592 3801 ——---

431 3913 447 3959 3
465 3908 594 3961 schidiis:
612 3912 649 3961 sie
663 3910 721 3965 GH.
738 3907 750 3979 Η
765 3912 782 3961 4
795 3912 829 3962 ab
844 3916 965 3962 extremo
979 3926 1039 3976 eqo:
1059 3911 1232 3963 adextremos
1252 3912 1310 3963 GH.
1327 3908 1371 3978 119
1391 3912 1507 3961 materia

367 3994 399 4042 G:
418 3995 553 4045 materiae
571 3996 600 4044 II
618 3993 697 4061 (Lle).
721 3992 733 4062 ΙΙ
757 4012 857 4061 eorque
871 3994 904 4060 (l)
923 4002 982 4046 aute
1000 4012 1069 4048 corr.
1090 3997 1111 4047 G
1129 3998 1153 4059 (s
1170 4000 1196 4046 in
1214 4012 1266 4047 ras.
1288 3996 1341 4059 Ge).
1362 3993 1375 4060 ΙΙ
1399 3995 1506 4044 farsura

367 4079 387 4128 G
405 4078 528 4143 (fossura
545 4077 604 4143 G⁶):
624 4080 749 4130 fossurae
767 4081 797 4130 H
806 4078 848 4144 (lc,
868 4079 939 4128 —rdz
964 4079 1007 4145 L).
1031 4077 1043 4147 ll
1067 4081 1231 4131 distinentes
1249 4081 1326 4130 Lon:
1350 4078 1507 4129 detinentes

367 4162 423 4212 GH.
447 4159 460 4229 ss
488 4165 520 4214 10
539 4169 671 4227 quantum
696 4165 724 4213 H
742 4163 826 4227 (Lle):
851 4165 1012 4227 inquantum
1033 4165 1061 4214 G.
1090 4162 1102 4231 ll
1126 4167 1157 4213 12
1181 4181 1249 4230 quus
1274 4164 1295 4214 G
1318 4161 1382 4228 (le0):
1407 4178 1461 4227 qua
1479 4164 1508 4211 H

366 4246 460 4311 (Llelr).
483 4243 496 4312 11
520 4254 692 4313 exaggerant
714 4248 751 4297 L:
781 4248 989 4314 exaggerabant
1013 4250 1063 4298 GH
1082 4248 1135 4312 (le).
1161 4246 1172 4315 ll
1201 4253 1231 4298 13
1254 4248 1447 4296 habitaciones
1472 4248 1506 4298 G:

366 4331 483 4381 -tionis
502 4332 530 4380 H
548 4328 627 4397 (Llc).
652 4329 664 4398 ΙΙ
688 4348 794 4383 erumos
815 4334 873 4385 GH.
898 4331 910 4398 ll
935 4336 965 4382 14
984 4334 1074 4383 hiemo
1161 4336 1268 4382 aestate
1288 4333 1323 4381 11⁶.
1346 4327 1357 4396 ll
1386 4329 1506 4379 callidis-

366 4416 448 4465 simus
466 4423 526 4466 nnte
543 4432 596 4466 ras.
616 4418 651 4466 H.
677 4413 689 4483 ll
713 4421 835 4467 aestates
855 4418 884 4475 G,
904 4419 1020 4467 aestatis
1040 4419 1068 4466 H
1086 4416 1164 4480 (hle).
1184 4414 1196 4480 11
1220 4415 1344 4465 efficiunt
1363 4416 1399 4463 G:
1418 4414 1506 4464 eflicit

366 4499 394 4547 H
410 4499 492 4563 (hle),
513 4496 525 4567 ΙΙ
549 4502 580 4549 15
599 4502 704 4567 tiguria
722 4508 781 4550 ante
799 4518 867 4555 corr.
887 4502 921 4550 ll.
947 4498 958 4565 ΙΙ
983 4504 1014 4549 19
1027 4501 1154 4564 ariopagi
1174 4500 1202 4550 G.
1227 4496 1239 4559 Η
1262 4502 1295 4548 20
1307 4501 1445 4548 commone
1465 4498 1507 4547 la-

366 4598 426 4633 cere
446 4581 688 4648 (cdlmonefacere
709 4586 740 4648 G)
762 4586 813 4636 GH
832 4586 885 4647 (ιθ,
906 4599 1047 4644 commune
1066 4585 1161 4633 faeere
1180 4586 1203 4632 le
1226 4590 1251 4631 et
1268 4591 1328 4632 ante
1346 4600 1414 4634 corr.
1434 4583 1478 4648 L).
1492 4580 1505 4649 ll

365 4669 396 4717 21
414 4668 562 4720 vetustatis
582 4668 664 4734 (ἕως
683 4673 760 4719 -tes
779 4672 807 4719 H
825 4667 903 4734 (hle).
924 4666 936 4734 ΙΙ
959 4668 1125 4718 romulicosa
1143 4673 1202 4717 ante
1221 4683 1288 4718 corr.
1310 4667 1339 4718 G.
1368 4664 1380 4734 ΙΙ
1408 4667 1440 4717 26
1459 4668 1507 4716 tri·

366 4752 449 4805 tiores
470 4753 503 4803 G:
522 4753 631 4806 trituras
651 4755 678 4804 ΙΙ
697 4752 775 4818 (Lle).
797 4751 809 4821 ll
832 4756 864 4803 26
883 4753 988 4818 ingenii
1009 4754 1037 4802 G.
1063 4747 1075 4818 ll
1098 4751 1450 4802 28st1ul10reseuteeorr.
1471 4752 1506 4800 Il.

1259 4835 1305 4899 3*
