3984 5825
434 627 494 692 132
920 636 1078 688 vrrnuvn

432 805 540 881 potest
567 815 694 859 nocere.
743 816 808 856 non
836 795 943 857 minus
972 815 1043 857 eam
1076 795 1270 858 sententiam
1297 791 1448 877 augendo
1470 792 1578 856 Theo-

432 896 600 983 phrastus,
629 893 787 958 hortando
816 894 928 959 doctos
955 896 1064 980 potius
1093 916 1164 957 esse
1192 916 1287 979 quam
1314 895 1472 978 pecuniae
1500 915 1577 957 con·

431 997 568 1061 fidentes
591 999 638 1060 ita
660 998 762 1082 ponit,
785 995 916 1060 doctum
939 1018 981 1059 ex
1004 995 1154 1060 omnibus
1175 994 1279 1059 solum
1293 1016 1398 1080 neque
1413 996 1445 1057 in
1461 993 1578 1058 alienis

431 1098 511 1162 locis
540 1100 748 1185 peregrinum
776 1119 880 1183 neque
914 1098 1044 1161 amissis
1079 1095 1296 1161 familiaribus
1325 1105 1356 1159 ct
1383 1096 1578 1160 necessariis

399 1202 563 1286 sinopem
585 1202 761 1263 amicorum
783 1199 842 1262 sed
864 1201 898 1262 in
921 1200 1009 1262 omni
1031 1200 1165 1263 civitate
1188 1220 1258 1262 esse
1280 1198 1387 1261 civem
1410 1196 1578 1262 difficiles-

433 1323 496 1388 que
518 1301 667 1366 fortunae
696 1302 766 1364 sine
793 1301 909 1365 timore
933 1321 1029 1386 posse
1049 1300 1218 1385 despicere
1240 1320 1350 1381 casus,
1378 1299 1490 1384 atqui
1512 1321 1578 1362 non

433 1404 653 1467 doctrinarum
676 1402 734 1465 sed
756 1400 923 1465 felicitatis
938 1400 1110 1488 praesidiis
1126 1410 1255 1487 putaret
1271 1422 1306 1465 sc
1321 1421 1391 1464 esse
1406 1398 1576 1481 vallatum,

432 1503 551 1568 labidis
574 1503 745 1569 itineribus
768 1503 944 1567 vadentem
966 1526 1031 1567 non
1046 1503 1158 1568 stabili
1172 1502 1231 1566 sed
1252 1503 1380 1565 infirma
1396 1500 1577 1565 conflictari

432 1606 511 1669 vita.
557 1605 721 1690 Epicurus
745 1626 823 1669 vero
849 1627 915 1669 non
942 1603 1146 1669 dissimiliter
1173 1606 1220 1668 ait
1247 1625 1349 1690 pauca
1371 1602 1611 1690 sapientibus3

383 1723 413 1770 10
432 1707 597 1772 fortunam
623 1705 782 1788 tribuere,
813 1728 895 1792 quae
922 1716 1032 1770 autem
1059 1706 1204 1769 maxima
1231 1715 1263 1770 et
1284 1706 1468 1769 necessaria
1489 1713 1610 1786 sunt,‘

432 1810 534 1872 animi
566 1809 749 1893 mentisque
782 1807 1036 1893 cogitationibus
1068 1807 1255 1892 gubernari.
1299 1807 1379 1871 haec
1405 1809 1453 1871 ita
1479 1807 1579 1870 etiam

433 1910 542 1997 plures
564 1908 748 1997 philosophi
771 1909 936 1974 dixerunt,
980 1931 1045 1972 non
1073 1911 1179 1973 minus
1207 1919 1321 1995 poetae
1348 1909 1405 1995 qui
1425 1909 1578 1993 antiquas

434 2011 619 2076 comoedias
641 2033 758 2095 graece
780 2012 990 2097 scripserunt,
1015 2010 1146 2074 easdem
1168 2013 1344 2074 sententias
1368 2008 1521 2073 versibus
1545 2010 1580 2071 in

434 2134 552 2179 scaena
574 2113 878 2199 pronuntiaverunt,
901 2121 938 2176 ut
959 2111 1119 2176 Eucrates
1136 2111 1313 2176 Chionides
1329 2109 1579 2197 Aristophanes,

384 2233 415 2279 15
433 2216 576 2278 maxime
600 2214 697 2276 etiam
721 2236 793 2276 cum
816 2213 866 2276 his
890 2213 1019 2296 Alexis
1043 2216 1098 2299 qui
1121 2213 1339 2278 Athenienses
1360 2214 1407 2277 ait
1429 2222 1581 2299 oportere

433 2317 507 2380 ideo
530 2314 656 2378 laudari
680 2315 931 2400 quodomnium
954 2314 1153 2379 Graecorum
1175 2314 1264 2399 leges
1287 2325 1406 2399 cogunt
1427 2323 1580 2402 parentes

435 2417 480 2481 ali
502 2439 522 2479 a
544 2415 674 2498 liberis,
703 2416 953 2480 Atheniensium
981 2440 1047 2482 non
1075 2439 1186 2481 omnes
1214 2418 1279 2481 nisi
1302 2439 1356 2480 eos
1379 2417 1436 2502 qui
1458 2415 1600 2480 liberos·

435 2519 561 2583 artibus
578 2517 771 2581 erudissent.
809 2519 918 2582 omnia
941 2520 1028 2582 enim
1051 2540 1185 2582 munera
1207 2518 1356 2583 fortunae
1371 2540 1446 2581 cum
1461 2515 1582 2582 dantur

437 2621 478 2684 ab
502 2642 538 2683 ea
561 2618 703 2682 faciliter
724 2618 913 2683 adimuntur
920 2669 929 2701 ‚
959 2619 1152 2706 disciplinae
1181 2642 1258 2683 vero
1287 2620 1478 2695 coniunctae
1505 2641 1580 2682 curn

384 2739 416 2785 20
435 2723 553 2786 animis
575 2718 663 2784 nullo
686 2730 830 2806 tempore
854 2721 1026 2802 deficiunt,
1056 2721 1113 2784 sed
1135 2731 1325 2808 permanent
1352 2719 1515 2786 stabiliter
1537 2720 1581 2783 ad

436 2846 595 2887 summum
630 2823 754 2886 exitum
785 2823 883 2886 vitae.
939 2824 1050 2909 itaque
1084 2844 1143 2907 ego
1176 2825 1334 2887 maximas
1369 2822 1581 2908 infinitasque
1600 2812 1638 2887 4⁸

435 2925 625 3012 parentibus
641 2947 703 3008 ago
718 2935 815 3011 atque
830 2926 934 2990 habeo
949 2927 1083 3010 gratiae,
1106 2925 1193 3011 quod
1207 2918 1459 2990 Atheniensium
1474 2925 1581 3010 legem

435 3028 610 3115 probantes
637 3049 689 3089 me
716 3037 787 3091 arte
815 3027 1029 3092 erudiendum
1057 3036 1267 3111 curaverunt,
1296 3037 1329 3093 et
1351 3049 1388 3091 ea
1410 3049 1493 3113 quae
1515 3050 1582 3092 non

436 3139 543 3216 potest
565 3150 636 3191 esse
658 3128 795 3213 probata
817 3130 888 3192 sine
909 3128 1091 3193 litteratura
1120 3127 1330 3216 encyclioque
1358 3126 1581 3217 doctrinarum

385 3247 418 3293 25
437 3232 579 3295 omnium
613 3228 796 3315 disciplina.
846 3252 920 3292 cum
947 3240 1079 3314 ergoet
1106 3231 1289 3317 parentium
1322 3252 1399 3295 cura
1429 3239 1460 3293 et
1487 3252 1580 3317 prae-

438 3341 605 3418 ceptorum
642 3330 798 3395 doctrinis
835 3341 946 3394 auctas
984 3332 1138 3396 haberem
1175 3333 1284 3419 copias
1321 3330 1579 3419 disciplinarum,

437 3430 613 3518 philologis
635 3440 666 3494 et
682 3431 898 3519 philoteehnis
913 3432 1009 3496 rebus
1027 3435 1393 3520 commentariorumque
1409 3436 1581 3523 scripturis

437 3554 490 3595 me
512 3531 677 3596 delectans
700 3556 754 3597 eas
777 3535 999 3619 possessiones
1027 3536 1135 3599 animo
1158 3538 1287 3622 paravi,
1319 3535 1476 3622 equibus
1498 3535 1582 3599 haec

507 3844 522 3889 ‘2
540 3838 687 3889 hortando:
710 3842 748 3889 εἰσ
766 3840 850 3889 EGH.
874 3835 886 3906 ll
909 3843 924 3890 6
943 3841 1081 3905 dispicere
1104 3850 1163 3893 ante
1185 3860 1253 3897 corr.
1274 3844 1295 3893 θ
1314 3840 1374 3909 (aon
1392 3844 1439 3908 E).
1462 3840 1475 3911 Η
1499 3846 1514 3894 ἰ
1532 3860 1580 3910 pn·

439 3931 513 3976 taret
530 3940 560 3974 se
580 3939 641 3974 esse
661 3924 712 3973 GH
729 3923 774 3987 (l):
797 3930 878 3988 putat
896 3940 956 3975 esse
975 3940 1005 3976 se
1023 3927 1048 3975 E
1067 3924 1189 3991 (putaret
1208 3942 1268 3977 esse
1286 3928 1328 3990 ch,
1355 3929 1447 3991 putari
1468 3944 1497 3979 sc
1518 3945 1581 3978 esse

440 4009 484 4074 L).
508 4005 520 4075 11
543 4011 558 4059 8
577 4009 680 4059 labidis
698 4010 728 4058 H
745 4008 830 4073 (Llc).·
848 4010 950 4075 lepidis
964 4011 1013 4061 EG
1026 4008 1073 4076 (G0
1084 4028 1164 4076 supra
1181 4011 1315 4070 llabidis,
1332 4015 1381 4063 sed
1395 4020 1486 4077 postea
1503 4029 1581 4064 eraso

439 4094 485 4143 vel
503 4096 586 4157 prima
602 4108 689 4143 ananus
706 4094 774 4143 linea
790 4095 912 4145 subducta
930 4095 1048 4159 deletur).
1069 4091 1082 4162 Η
1104 4095 1214 4146 stabilis
1233 4097 1261 4144 H
1278 4095 1333 4160 (Ic).
1356 4093 1369 4162 ll
1396 4099 1412 4147 9
1430 4098 1581 4161 Epicurrus

438 4186 498 4227 unte
515 4195 584 4228 corr.
604 4178 633 4230 G.
656 4174 668 4244 ll
693 4179 733 4227 ait
750 4178 820 4229 loa:
840 4185 889 4229 eut
901 4180 982 4229 EGH
997 4178 1039 4243 (lc,
1059 4181 1128 4230 haut
1146 4181 1196 4240 E0‚
1214 4180 1287 4229 haud
1305 4178 1350 4245 L).
1374 4177 1387 4248 ΙΙ
1410 4181 1552 4245 pauesce.
1566 4179 1579 4246 ΙΙ

441 4266 471 4312 11
492 4264 588 4314 etiam:
607 4265 645 4311 εἰσ
667 4263 750 4313 EGH.
775 4260 787 4329 ΙΙ
811 4266 842 4314 13
859 4266 995 4328 scripsere
1014 4266 1039 4314 E
1058 4264 1118 4328 (non
1138 4263 1179 4328 G).
1202 4263 1214 4331 ll
1236 4265 1371 4315 insceme
1388 4265 1414 4314 E
1433 4263 1494 4329 (non
1509 4265 1550 4329 G).
1566 4263 1580 4334 ll

440 4350 472 4396 14
491 4352 617 4396 eucrates
634 4346 725 4396 EGH:
744 4346 843 4398 Crates
860 4348 986 4401 Bondum.
1010 4346 1022 4414 ΙΙ
1046 4351 1077 4399 15
1096 4355 1221 4414 oportere
1240 4348 1315 4399 ideo:
1338 4353 1375 4399 εἰσ
1397 4350 1484 4401 EGH.
1508 4347 1520 4415 ΙΙ
1548 4352 1580 4400 17

441 4429 479 4479 ali
497 4446 513 4479 a
531 4430 627 4481 liberis
646 4435 686 4481 ed.
706 4431 796 4497 (rec.):
816 4432 929 4483 aliberis
948 4433 1026 4482 EGH
1044 4433 1120 4495 (Llc).
1138 4430 1150 4499 ΙΙ
1169 4436 1198 4484 18
1216 4434 1345 4485 fortunae
1364 4433 1444 4498 (—-ne
1465 4435 1494 4494 G,
1512 4450 1583 4501 -nq

441 4514 526 4575 EG⁶):
550 4519 587 4565 εἰσ
605 4515 690 4565 EGH.
714 4513 726 4581 ΙΙ
755 4520 786 4567 19
808 4516 943 4567 faciliter:
972 4520 1009 4567 εἰσ
1032 4517 1118 4567 EGH.
1148 4515 1159 4584 Η
1185 4522 1217 4569 24
1239 4519 1397 4569 litteratura
1419 4521 1474 4571 ed:
1498 4534 1583 4569 -ree

442 4596 516 4663 (ηε
538 4600 598 4666 ΕΘ)
624 4600 708 4649 EGH.
737 4596 749 4665 {l
776 4603 808 4650 25
831 4601 984 4663 parentium
1009 4602 1062 4651 GH
1078 4601 1146 4665 (ἰὸς
1174 4609 1319 4669 parentum
1342 4604 1404 4654 EG⁶
1427 4603 1489 4667 (cll).
1512 4599 1526 4670 ΙΙ
1548 4604 1583 4652 26

441 4679 544 4730 habere
565 4682 672 4744 G(—re
691 4682 736 4748 E).
759 4680 771 4748 ll
794 4688 830 4733 27*
844 4685 1042 4750 philotechinis
1060 4685 1138 4737 EGII
1156 4687 1236 4752 (lde).
