3984 5825
596 713 642 760 nn
666 713 827 762 urvuusrs
853 713 1010 762 ssamors
1034 714 1370 764 aucrurseroumsu.
1493 701 1553 767 297

498 867 650 931 Materies
674 865 825 931 arbomm
850 889 931 953 quac
953 866 993 931 ad
1018 867 1191 933 utilitatem
1214 868 1358 933 fabricae
1374 869 1553 956 parabitur,
1569 870 1616 911 '⁴¹¹-
1631 870 1704 921 Μ’·

1570 923 1655 962 neribus
1677 934 1706 961 sr-

407 971 557 1034 autumni
594 980 738 1056 tompore
773 979 945 1056 antequam
979 969 1104 1034 favonii
1135 970 1212 1034 flare
1246 972 1403 1058 incipiant
1430 969 1555 1037 utiliter
1583 974 1655 1013 l⁰s⁰¹¹¹
1673 979 1692 1011 “¹

409 1070 568 1136 caeditur.
614 1072 703 1157 prius
737 1081 847 1135 tamen
880 1082 982 1158 usque
1015 1071 1057 1135 ad
1087 1072 1262 1136 medullam
1296 1072 1463 1137 securibus
1492 1023 1696 1137 cir-”Ullillllii

409 1174 572 1237 cumeisao
595 1181 719 1237 stantes
743 1174 1011 1255 intermittantur,
1034 1182 1071 1238 ut
1093 1174 1219 1240 inutilis
1242 1197 1335 1239 umor
1355 1174 1506 1239 decurrat
1521 1158 1705 1260 stabiliti).

373 1291 390 1340 t
410 1297 567 1339 venarum
590 1276 707 1338 raritas
730 1277 894 1340 exsiccata
914 1274 1082 1340 solidetur.
1120 1275 1178 1341 sod
1193 1298 1313 1361 genera
1327 1275 1480 1341 arborum
1496 1276 1553 1341 has

408 1379 496 1441 inter
518 1398 553 1441 se
577 1378 663 1440 viros
687 1386 719 1441 et
741 1376 941 1442 differentias
964 1376 1096 1441 habent.
1129 1377 1219 1442 abies
1237 1399 1314 1463 ergo
1329 1378 1454 1444 habens
1469 1381 1553 1442 aeris

409 1477 585 1567 plurimum
609 1487 641 1541 ct
663 1479 767 1563 ignis,
798 1480 969 1543 minimum
991 1479 1112 1543 terreni
1136 1490 1168 1543 et
1191 1482 1328 1564 umoris,
1351 1481 1467 1545 morito
1490 1503 1555 1544 non

409 1591 459 1645 est
481 1580 663 1668 ponderosa
686 1589 718 1644 ot
740 1579 881 1644 naturali
904 1581 1012 1665 rigore
1035 1604 1099 1644 non
1122 1581 1186 1645 cito
1208 1581 1351 1646 flectitur
1365 1603 1384 1645 a
1400 1580 1553 1668 pondere.

410 1682 519 1747 laricis
550 1703 628 1746 vero
655 1683 791 1746 materia
813 1683 847 1745 in
870 1684 957 1746 omni
983 1681 1107 1748 fabrica
1129 1684 1288 1747 maximas
1311 1683 1409 1749 habet
1430 1682 1553 1748 utilita-

365 1797 392 1847 ιο
410 1795 470 1868 tos,
491 1785 598 1871 primo
621 1783 708 1869 quod
731 1806 772 1848 ex
796 1806 833 1847 ca
854 1784 983 1849 adfixae
1006 1782 1136 1849 tabulae
1159 1783 1368 1870 subgrundao
1383 1785 1469 1869 ignis
1485 1785 1552 1848 vio-

410 1884 543 1949 lentiam
566 1884 751 1972 prohibent,
775 1907 879 1971 noque
902 1887 988 1949 enim
1011 1886 1172 1949 flammam
1187 1888 1350 1975 recipiunt
1364 1908 1469 1974 nequo
1485 1909 1552 1950 ear-

411 1987 528 2051 boncm
560 1986 695 2052 faciunt.
740 1985 826 2051 larix
861 2009 937 2051 vcro
970 2009 989 2049 a
1021 1986 1153 2052 castello
1185 1988 1338 2054 Larieino
1372 1999 1422 2054 est
1454 1987 1552 2052 dicta.

410 2112 548 2176 quercus
572 2091 710 2153 terrenis
734 2090 940 2154 satietatibus
961 2087 1131 2154 alumdans
1153 2112 1267 2176 purum
1282 2090 1403 2156 habens
1419 2091 1552 2171 umoris,

411 2214 483 2255 cum
507 2192 541 2254 in
563 2191 700 2255 terrenis
729 2191 882 2279 operibus
910 2189 1058 2256 obruitur
1086 2201 1276 2280 perpetuam
1298 2203 1409 2257 servat
1430 2190 1552 2256 utilita-

367 2307 393 2356 to
411 2303 487 2358 tem.
532 2294 624 2356 cuius
647 2302 724 2378 apta
745 2292 905 2357 aedificiis
933 2294 1085 2358 materies
1109 2295 1196 2358 etin
1220 2316 1331 2359 umore
1353 2296 1459 2382 posita
1481 2317 1551 2380 por-

410 2404 541 2482 petuam
578 2393 712 2459 exhibet
749 2393 935 2459 utilitatem.
988 2396 1084 2481 fagus
1122 2395 1208 2483 quod
1251 2396 1419 2484 aequalem
1454 2395 1553 2460 habet

410 2497 602 2560 mixtionem
629 2498 751 2560 umoris
774 2506 806 2561 et
828 2498 931 2582 ignis,
960 2498 994 2561 in
1016 2520 1127 2563 umore
1151 2499 1215 2564 cito
1238 2501 1425 2581 marcescit,
1456 2499 1553 2562 siccis

410 2599 490 2664 locis
512 2597 604 2663 utilis
627 2608 685 2662 cst.
731 2597 868 2685 populus
891 2597 967 2664 alba
988 2609 1020 2664 et
1035 2601 1140 2685 nigra,
1165 2597 1249 2665 salix
1272 2609 1304 2663 ot
1326 2599 1398 2664 tilia
1420 2600 1505 2685 ignis
1523 2609 1554 2663 ct

410 2702 494 2764 aeris
518 2699 639 2764 habent
662 2702 862 2782 satietatem,
886 2701 920 2764 in
943 2700 1068 2765 fabrica
1089 2699 1202 2783 utiles,
1227 2702 1261 2764 in
1283 2700 1457 2787 sculpturis
1480 2722 1552 2785 gra·

364 2814 394 2863 ‘20
411 2812 463 2867 tac
485 2801 707 2866 inveniuntur.
736 2801 857 2881 alnus,
881 2804 936 2889 qui
960 2804 1128 2890 proximus
1151 2823 1254 2888 aquae
1276 2803 1422 2867 nascitur
1429 2851 1438 2884 ,
1463 2811 1553 2865 tener

411 2916 442 2970 et
465 2901 571 2968 mollis
595 2904 731 2969 matoria
753 2915 847 2968 extra
868 2927 986 2992 aquam
1009 2902 1151 2968 fabricae
1173 2901 1297 2968 inutilis
1321 2914 1386 2986 est,
1411 2903 1470 2969 scd
1492 2903 1553 2968 hoe

411 3010 528 3071 mirum
552 3007 585 3069 in
608 3029 642 3071 se
665 3005 764 3070 habet
787 3006 873 3093 quod
900 3009 935 3070 in
957 3027 1068 3071 umore
1097 3004 1275 3092 palationes
1298 3007 1402 3093 spisse
1426 3004 1553 3068 defixae

411 3118 608 3172 structuram
643 3131 742 3196 supra
771 3131 805 3172 so
833 3109 953 3174 factam
986 3110 1057 3172 sine
1089 3109 1171 3173 vitio
1199 3116 1340 3173 servant.
1385 3106 1492 3170 ulmus
1521 3115 1553 3172 ot

412 3210 561 3273 fraxinus
584 3212 618 3273 in
641 3210 727 3274 omni
751 3232 848 3297 opcrc
870 3210 934 3275 cito
957 3210 1142 3291 fleetuntur,
1169 3209 1226 3274 sed
1249 3232 1321 3274 cum
1343 3209 1488 3273 aruerint
1510 3209 1552 3271 ri-

369 3323 395 3371 ta
412 3312 508 3395 gidae
536 3321 627 3395 sunt,
657 3310 791 3377 lentoris
819 3334 914 3376 causa
937 3312 1060 3376 catenis
1082 3310 1191 3377 utiles.
1235 3312 1386 3398 carpinus
1409 3311 1443 3374 in
1466 3311 1552 3375 omni

412 3435 508 3500 opere
533 3412 715 3478 tractabilis
739 3423 771 3478 et
793 3412 883 3477 utilis
908 3414 1083 3476 invenitur.
1128 3434 1300 3500 cupressus
1325 3422 1356 3477 ct
1378 3414 1474 3500 pinus
1496 3411 1552 3475 ad-

413 3515 576 3580 mirandas
599 3515 720 3579 habent
743 3516 893 3597 virtutos,
917 3515 1003 3601 qued
1026 3537 1091 3578 non
1114 3516 1178 3581 cito
1201 3514 1343 3601 pendero
1365 3524 1552 3596 curvantur,

413 3617 530 3681 durant
543 3617 628 3680 enim
639 3618 787 3701 integrao
799 3639 935 3703 semper.
955 3615 1071 3681 codrus
1084 3618 1111 3681 si
1124 3639 1234 3683 umore
1245 3639 1310 3683 non
1320 3625 1553 3705 corrumpatur,

482 3809 495 3856 1
516 3808 646 3857 materies
668 3822 715 3869 ε9ο
735 3802 782 3869 (ear
799 3807 893 3871 I'ull.):
926 3807 1020 3857 caesio
1038 3824 1095 3872 opp.
1120 3803 1132 3874 {l
1155 3807 1200 3857 aab
1218 3809 1323 3872 capituli
1340 3822 1441 3857 nurnero
1459 3806 1511 3854 Xll
1529 3807 1554 3853 in

413 3894 525 3957 rnorps'ne
541 3892 774 3955 preparatorium:
797 3890 821 3940 Α
839 3892 888 3942 XV
912 3906 969 3955 usq·
994 3890 1030 3940 ad
1052 3892 1131 3942 XXII
1155 3892 1218 3941 luna
1242 3892 1354 3941 arbores
1376 3886 1500 3955 poldant²
1520 3887 1554 3937 ad

413 4008 499 4050 navos
517 3975 630 4042 faciend
652 3990 664 4059 ΙΙ
686 3995 702 4043 6
726 3993 831 4043 habens
850 3993 920 4043 Mar.
944 3990 991 4055 (err
1014 3993 1109 4057 Vitr.).·
1129 3993 1213 4042 habet
1231 4008 1287 4057 opp.
1305 3988 1317 4057 ll
1334 3994 1349 4042 ‘l
1368 3996 1395 4041 et
1414 3989 1483 4055 (post
1501 3993 1554 4039 ter·

413 4076 484 4143 rani)
497 4078 557 4127 add.
571 4077 640 4127 Mor.
656 4077 702 4140 (ex
718 4077 804 4142 Vita).
817 4072 829 4143 ΙΙ
843 4078 873 4126 10
886 4093 920 4127 oa
937 4095 983 4142 op:
1001 4094 1032 4129 eo
1043 4095 1068 4143 9,
1083 4073 1095 4144 Η
1105 4075 1280 4141 subgrundas
1293 4092 1339 4139 epo
1354 4074 1467 4140 (tegulis
1480 4075 1553 4133 leid..

413 4179 515 4243 tegulis
538 4179 566 4228 in
590 4179 681 4228 fronto
704 4182 838 4245 toctprum
861 4178 953 4245 I’altl:
978 4178 1137 4244 subgrande
1155 4194 1203 4243 opp
1223 4175 1270 4243 (sio
1288 4192 1341 4227 eum
1359 4179 1413 4227 attii
1434 4178 1505 4242 ripae
1528 4159 1555 4227 lo

414 4272 438 4314 et
455 4264 514 4329 ³9⁶).
538 4262 549 4328 ΙΙ
574 4265 602 4312 11
623 4279 712 4328 nsque
732 4264 803 4313 onim
818 4264 966 4314 -faeiunt
983 4279 1029 4314 om.
1049 4280 1062 4314 e
1082 4260 1336 4326 (phibcntdarix),
1357 4278 1407 4313 non
1424 4278 1466 4327 99.
1486 4257 1498 4327 ll
1524 4263 1554 4311 1⁴2

413 4349 557 4399 Lariciuo:
580 4350 619 4397 sic
637 4354 663 4397 et
680 4348 776 4398 Isidor,
795 4364 834 4397 or.
854 4351 893 4408 17,
913 4353 928 4397 7
946 4345 1000 4411 (abi
1016 4350 1080 4398 idem
1093 4364 1128 4399 ecc
1140 4349 1226 4397 eodem
1242 4348 1314 4410 fonte
1327 4348 1425 4411 error),
1446 4347 1554 4410 lurigno

418 4433 483 4481 Vter.
507 4428 519 4498 11
544 4435 575 4483 13
598 4448 693 4497 parum
715 4443 756 4496 pc:
785 4412 899 4497 paiuum
917 4450 949 4498 op
973 4441 998 4482 et
1021 4440 1079 4483 ants
1102 4448 1170 4485 corr.
1192 4447 1217 4496 9.
1245 4427 1257 4498 {l
1287 4433 1317 4481 14
1339 4432 1554 4481 utilitatem.ex

414 4519 493 4566 cuius
511 4522 578 4582 apta
597 4552 644 4569 ...
664 4534 687 4566 v.
704 4512 716 4582 ΙΙ
734 4518 764 4568 17
783 4517 903 4567 humoris
921 4536 935 4568 o
953 4517 962 4579 (
981 4518 1016 4581 ⁶):
1036 4533 1113 4567 -res
1130 4522 1257 4581 petente
1275 4531 1343 4566 corr.
1356 4532 1380 4580 9.
1397 4512 1409 4582 ΙΙ
1427 4518 1458 4565 19
1470 4515 1555 4565 utiles

417 4602 484 4654 Pet:
510 4601 623 4651 inutiles
641 4617 697 4666 opp.
722 4596 734 4667 ΙΙ
757 4600 887 4652 sculturis
904 4618 928 4666 9.
953 4597 965 4668 ΙΙ
988 4604 1021 4651 20
1039 4616 1117 4666 aquas
1135 4618 1180 4665 op:
1206 4615 1277 4665 aqua
1293 4616 1317 4664 9.
1341 4597 1352 4665 ΙΙ
1375 4602 1408 4650 25
1426 4600 1555 4665 carpinus

414 4700 439 4734 v:
460 4686 596 4750 carpimus
612 4703 647 4750 99
666 4685 723 4749 (aed
740 4702 793 4735 rum
810 4687 865 4736 vitii
881 4689 953 4749 sipno
970 4686 1020 4750 9⁶).
1045 4681 1057 4752 ΙΙ
1079 4687 1112 4736 28
1132 4685 1248 4735 caedrus
1266 4702 1289 4751 a,
1310 4684 1418 4736 cothrus
1435 4702 1453 4750 p
1474 4680 1486 4751 ΙΙ
1499 4700 1555 4735 cor-

414 4775 555 4835 rumpatur
571 4786 618 4835 pp:
639 4767 821 4835 corrumpat}
841 4786 863 4820 υ.
