3984 5825
232 350 408 680 s

499 667 508 759 t
955 684 1113 732 vrrsuvu

465 835 617 922 vl>eribus
646 857 720 899 cum
748 835 950 900 fabricantur
976 835 1084 902 lentae
1114 846 1147 902 et
1168 837 1210 902 ab
1238 836 1381 923 pondere
1402 838 1525 902 umoris
1546 860 1614 901 non

465 937 585 1002 habent
606 940 748 1023 rigorem
772 947 804 1002 et
826 937 974 1002 celeriter
996 939 1151 1027 pandant.
1196 938 1293 1004 simul
1314 948 1424 1003 autem
1446 949 1614 1004 vetustate

464 1050 540 1103 sunt
561 1040 672 1104 aridae
694 1039 800 1103 factae
822 1041 935 1104 autin
961 1049 1040 1125 agro
1063 1041 1206 1127 proiecto
1229 1043 1285 1127 qui
1307 1042 1393 1105 inest
1415 1044 1462 1106 eis
1485 1040 1614 1129 liquore
1663 1064 1668 1068 ·

465 1151 588 1206 stantes
625 1143 844 1224 emoriuntur,
879 1142 961 1206 fiunt
997 1142 1145 1206 duriores
1182 1152 1215 1206 et
1250 1144 1285 1206 in
1308 1143 1542 1208 commissuris
1581 1151 1614 1208 et

430 1259 445 1306 5
464 1245 799 1327 coagmentationibus
814 1244 856 1307 ab
870 1243 1067 1308 lentitudine
1081 1244 1190 1308 firmas
1205 1245 1367 1331 recipiunt
1378 1246 1613 1310 catenationes.

464 1346 543 1409 item
562 1345 849 1435 „carpi-nusdquod
883 1354 933 1408 est
964 1346 1099 1410 minima
1127 1347 1213 1430 ignis
1242 1356 1275 1410 et
1297 1348 1418 1411 terreni
1439 1345 1611 1427 mixtione,
1634 1359 1665 1406 ra

463 1447 549 1509 aeris
576 1456 684 1510 autern
713 1456 745 1511 et
772 1447 894 1510 umoris
918 1469 1044 1510 summa
1059 1448 1254 1512 continetur
1280 1458 1517 1534 temperatura,
1546 1470 1614 1512 non

465 1557 515 1611 est
547 1546 675 1632 fragilis
709 1547 768 1611 sed
800 1547 899 1612 habet
931 1547 1140 1612 utilissimam
1173 1548 1449 1614 tractabilitatem.
1500 1551 1614 1635 itaque

465 1648 585 1714 Graeci
596 1649 684 1736 quod
696 1671 738 1713 ex
749 1651 934 1713 eameteria
943 1651 1022 1733 iuga
1034 1651 1187 1715 iumentis
1203 1660 1403 1738 comparant,
1420 1649 1508 1736 quod
1522 1650 1613 1738 apud

415 1767 447 1816 10
465 1773 520 1815 eos
542 1753 619 1836 iuga
641 1755 723 1834 ζυγα
745 1752 948 1832 vocitantur,
970 1752 1050 1815 item
1073 1753 1204 1840 zygiam
1227 1773 1298 1814 earn
1319 1749 1496 1838 appellant.
1547 1775 1614 1817 non

464 1855 571 1916 minus
599 1862 650 1917 est
676 1852 906 1917 admirandum
932 1851 974 1915 de
1002 1873 1157 1938 cupresso
1179 1863 1212 1917 et
1234 1854 1330 1940 pinu,
1359 1852 1445 1939 quod
1475 1874 1533 1916 eae
1555 1853 1612 1917 ha-
1677 1932 1680 1938 ⁴

463 1955 579 2019 bentes
594 1956 717 2019 umoris
732 1955 969 2019 abundantiam
982 1976 1183 2041 aequamque
1204 1962 1384 2019 ceterorum
1406 1955 1612 2037 mixtionem,

464 2067 596 2144 propter
628 2058 750 2120 umoris
784 2058 968 2120 satietatem
1002 2057 1037 2119 in
1064 2057 1217 2142 operibus
1247 2054 1352 2122 solent
1379 2077 1450 2119 esse
1471 2056 1612 2142 pandas,

464 2158 523 2224 sed
545 2161 580 2221 in
602 2166 798 2222 vetustatem
821 2160 892 2221 sine
919 2157 1012 2221 vitiis
1035 2168 1289 2240 conservantur,
1323 2158 1410 2242 quod
1442 2159 1471 2221 is
1505 2157 1615 2245 liquor

414 2275 446 2322 15
465 2263 521 2346 qui
536 2263 621 2324 inest
635 2260 765 2344 penitus
781 2260 816 2321 in
831 2259 1021 2345 corporibus
1045 2281 1154 2322 earum
1176 2259 1274 2325 habet
1288 2281 1434 2322 amarum
1449 2281 1613 2346 saporem,

465 2363 521 2447 qui
542 2370 675 2448 propter
695 2361 912 2425 acritudinem
933 2383 998 2426 non
1021 2361 1144 2446 patitur
1172 2371 1342 2448 penetrare
1364 2361 1484 2424 cariem
1505 2383 1614 2448 neque
1667 2363 1668 2366 ’

465 2484 520 2525 eas
542 2460 698 2526 bestiolas
727 2484 809 2548 quae
832 2472 907 2526 sunt
929 2471 1095 2527 nocentes.
1143 2463 1283 2550 ideoque
1311 2484 1458 2549 quaeex
1480 2463 1532 2526 his
1554 2485 1612 2548 ge-

463 2562 598 2627 neribus
626 2585 724 2650 opera
754 2564 993 2629 constituuntur
1020 2575 1211 2653 permanent
1231 2564 1275 2629 ad
1296 2574 1462 2628 aeternam
1483 2563 1612 2629 diutur-
1670 2598 1673 2601 ·

397 2751 400 2755 Ι
464 2667 611 2730 nitatem.
660 2666 739 2729 item
770 2665 886 2730 cedrus
914 2677 947 2731 et
975 2668 1144 2755 iuniperus
1173 2666 1304 2732 easdem
1326 2665 1447 2730 habent
1469 2669 1612 2731 virtutes
1633 2679 1666 2726 13

385 2816 388 2825 .
413 2783 447 2831 20
465 2777 497 2832 et
518 2766 688 2849 utilitates,
712 2767 771 2832 sed
793 2744 1131 2855 quemadmffdffrffi
1159 2789 1312 2855 cupresso
1334 2778 1366 2832 et
1388 2761 1468 2855 pinu
1488 2769 1611 2850 resina,

466 2893 508 2936 ex
522 2868 619 2935 cedro
642 2868 749 2934 oleum
771 2870 858 2958 quod
881 2871 1034 2936 eedreum
1055 2869 1177 2935 dicitur
1197 2870 1354 2953 nascitur,
1377 2892 1440 2957 quo
1462 2867 1613 2957 reliquae

464 2996 516 3037 res
544 2995 618 3037 cum
641 2982 717 3036 sunt
738 2983 876 3057 unctae,
909 2974 959 3037 uti
980 2960 1079 3037 etiarn
1101 2970 1188 3053 libri,
1221 2994 1241 3034 a
1263 2972 1360 3035 tineis
1382 2981 1415 3036 et
1436 2973 1524 3035 carie
1546 2996 1614 3037 non

387 3096 389 3099 ’
464 3074 648 3140 laeduntur.
697 3073 823 3140 arboris
851 3085 959 3139 autem
987 3076 1057 3139 eius
1085 3082 1134 3137 est
1161 3072 1277 3137 similis
1300 3094 1494 3161 cupresseae
1516 3074 1611 3138 folia-

464 3187 554 3258 tura,
577 3177 728 3240 materies
749 3197 835 3238 vena
854 3174 988 3240 directa.
1034 3198 1072 3239 ea
1092 3174 1217 3262 Ephesi
1239 3176 1274 3239 in
1295 3174 1376 3239 aede
1398 3172 1612 3240 simulacrum

533 3352 547 3395 l
567 3353 595 3397 et
614 3348 648 3397 ab
667 3345 803 3410 pondere:
822 3348 859 3395 sic
879 3346 937 3399 GH.
961 3343 973 3411 ΙΙ
996 3349 1012 3396 2
1030 3346 1155 3412 pandunt
1173 3346 1208 3396 G⁶
1226 3344 1322 3410 (solus).
1345 3342 1358 3412 [l
1384 3348 1544 3412 3pr0ieeto
1563 3363 1611 3411 epo

464 3434 499 3493 es.
511 3449 538 3494 p.
552 3435 593 3488 56,
606 3430 665 3491 28):
683 3431 779 3493 pfecto
799 3430 859 3483 GH.
875 3427 887 3496 ΙΙ
905 3431 951 3494 qni
969 3430 1043 3480 inest
1061 3417 1101 3479 eis
1119 3403 1225 3495 liquore
1248 3431 1333 3484 Mar.:
1353 3432 1401 3493 qui
1419 3435 1463 3481 est
1482 3430 1557 3495 (qu
1577 3433 1610 3493 6)

465 3516 506 3564 eis
517 3515 608 3579 liquor
622 3515 680 3564 GH.
697 3510 746 3579 flii*
760 3518 788 3563 et
805 3516 855 3564 del.
876 3516 910 3565 6ο
923 3514 966 3579 (es.
978 3531 1007 3579 p.
1021 3519 1062 3576 57,
1081 3517 1149 3578 21!).
1173 3510 1185 3579 ΙΙ
1209 3517 1241 3566 10
1258 3530 1331 3580 ayss¹
1345 3516 1373 3563 H
1385 3512 1488 3580 (scca),
1508 3517 1572 3566 ziza
1589 3517 1611 3566 G

465 3595 543 3663 (10).ss
557 3598 657 3661 {optas
677 3596 743 3661 (Joc.
760 3605 786 3648 et
797 3600 863 3651 Pau.
883 3615 919 3660 ea
935 3601 1002 3651 Ptin.
1021 3601 1061 3661 16,
1075 3599 1117 3661 67)
1138 3614 1211 3651 eam:
1231 3601 1357 3665 zigaeam
1369 3602 1407 3665 H,
1426 3601 1493 3665 siga
1512 3616 1575 3650 eam
1589 3602 1612 3650 G

464 3683 532 3747 Ltc).
558 3679 570 3747 ΙΙ
595 3683 625 3731 11
644 3682 812 3748 decupresso
831 3680 956 3749 (-preso
974 3690 1035 3734 ante
1057 3698 1127 3735 corr.
1146 3682 1185 3748 H)
1210 3684 1262 3734 GH
1284 3680 1344 3745 (sed
1360 3683 1393 3734 de
1414 3686 1519 3748 punctis
1541 3687 1611 3735 delet

466 3803 508 3860 oo,
525 3799 616 3861 sorus).
639 3797 651 3867 p
672 3771 738 3865 pini
757 3802 792 3850 H.
815 3799 828 3867 ιι
851 3817 902 3851 eae
925 3802 966 3853 rr:
990 3801 1044 3851 nas
1067 3797 1150 3864 cm,
1174 3800 1208 3866 sq
1227 3804 1248 3858 ι,
1266 3800 1302 3851 hs
1320 3800 1371 3865 a).
1395 3797 1407 3866 ιι
1436 3803 1469 3851 14
1492 3801 1538 3851 nis
1558 3802 1611 3852 on

465 3883 529 3949 (leb,
553 3885 577 3933 is
602 3883 682 3948 6012).
710 3880 723 3949 ΙΙ
751 3886 782 3933 16
805 3887 870 3946 sort.
894 3900 982 3949 neque
1005 3885 1096 3935 tineas
1123 3882 1267 3949 [bestiolas
1290 3899 1363 3948 qnae
1386 3889 1451 3935 sunt
1473 3890 1610 3936 nocentes

462 3965 554 4035 piosa]
573 3970 608 4032 cs.
626 3970 693 4022 Ptin.
713 3970 753 4024 12,
770 3971 827 4017 223
848 3965 886 4032 (et
903 3985 963 4019 mox
980 3987 1004 4019 v.
1023 3973 1057 4019 22
1076 3976 1143 4033 etp.
1162 3972 1203 4027 59,
1222 3967 1259 4032 6).
1279 3965 1291 4034 ΙΙ
1313 3971 1347 4019 20
1364 3966 1499 4034 eupre(se
1518 3970 1611 4035 H)ssu

464 4056 530 4119 pinu
550 4054 601 4103 GH
618 4052 662 4118 (lc,
682 4067 816 4117 cupressu
833 4056 857 4101 ἀ
877 4053 944 4117 pinu
962 4053 1006 4117 L).
1029 4049 1042 4119 ll
1061 4056 1093 4103 21
1113 4052 1197 4102 cedrn
1214 4060 1275 4102 ante
1292 4069 1361 4104 corr.
1382 4054 1412 4103 6.
1436 4051 1448 4118 ΙΙ
1476 4054 1609 4105 eedreum

464 4142 505 4189 ed.
525 4136 658 4200 (cedrium
676 4138 744 4187 Plin.
764 4140 804 4194 16,
823 4136 882 4200 52):
908 4137 1029 4188 cidreum
1047 4137 1099 4187 GH
1116 4136 1219 4201 (cedria
1237 4136 1310 4201 epit.)
1334 4133 1346 4202 ΙΙ
1370 4152 1421 4201 qno
1440 4136 1523 4202 reliqu
1544 4138 1611 4206 (quo

466 4222 510 4286 (1‘0)
531 4223 561 4281 G,
580 4220 719 4285 coreliqne
738 4221 769 4269 H
789 4219 988 4286 (quo-reliquas
1007 4224 1029 4277 t,
1051 4236 1137 4285 —que
1154 4238 1181 4280 c,
1206 4236 1239 4271 eo
1257 4220 1374 4285 reliquae
1391 4221 1435 4283 L).
1457 4217 1470 4287 ΙΙ
1492 4224 1526 4272 22
1544 4228 1612 4273 suut

466 4307 517 4356 GH
539 4304 587 4368 (L,
607 4302 762 4367 sinteca).
785 4300 800 4370 fl
826 4302 968 4370 unctae(e)
992 4306 1043 4355 GH
1064 4304 1112 4366 (L,
1135 4305 1229 4369 iuncte
1248 4302 1291 4369 tc).
1314 4300 1326 4370 ΙΙ
1349 4306 1382 4356 23
1400 4306 1508 4357 arboris
1527 4308 1609 4359 Pau:

465 4391 578 4440 arbores
592 4390 643 4439 GH
661 4389 704 4453 (L,
725 4389 836 4441 ardores
854 4388 899 4452 lc).
920 4386 933 4456 fl
955 4388 1114 4439 estsimilis
1134 4404 1297 4453 cupresseae
1310 4389 1445 4439 foliatnrs
1462 4405 1523 4455 epo:
1543 4397 1612 4441 sunt

465 4473 570 4523 similes
593 4471 673 4536 (·-lis
697 4473 728 4537 G)
753 4488 921 4539 cupresseae
944 4472 1095 4536 foliaturae
1119 4469 1261 4536 (cupresso
1284 4472 1470 4524 assaliaturae
1494 4475 1527 4539 6)
1557 4476 1613 4525 GH

466 4555 538 4616 (Llc,
555 4558 604 4605 sed
619 4557 654 4606 G⁶
671 4560 757 4609 delens
775 4559 836 4609 eius
858 4565 885 4607 et
901 4561 1015 4606 —tnrse
1032 4557 1071 4605 sic
1086 4556 1158 4619 lepis:
1179 4556 1291 4605 arbores
1309 4561 1401 4607 antem
1419 4562 1484 4608 sunt
1502 4559 1609 4609 similes

466 4651 595 4703 cupresso
608 4655 642 4689 sc
653 4640 743 4704 folia).
758 4638 771 4705 ΙΙ
786 4644 820 4691 24
832 4656 905 4691 vena
914 4640 1020 4690 directa
1031 4638 1083 4689 GH
1095 4637 1141 4701 (cf.
1149 4654 1175 4701 p.
1186 4640 1226 4700 ⁶0,
1238 4638 1295 4701 18):
1305 4640 1369 4702 sort.
1381 4641 1469 4692 ebeno
1481 4642 1610 4694 dissecta
1635 4681 1640 4690 „

465 4719 512 4783 (sc.
530 4721 627 4771 similis
645 4727 697 4771 est.
714 4722 972 4785 cf.Plin.16,123).
987 4719 1000 4787 [Ι
1017 4722 1051 4771 es
1067 4727 1128 4771 ante
1139 4721 1244 4787 Ephesi
1262 4720 1388 4788 (aephesi
1398 4722 1439 4791 H)
1456 4742 1504 4790 epo
1516 4729 1611 4779 addidi
