3984 5825
599 661 605 672 ‘
669 678 717 724 nn
739 675 1005 725 aucrrrrncrusi
1030 677 1098 723 mn.
1122 677 1183 724 vn.
1436 661 1496 726 169

353 829 575 896 siderantihus
599 831 757 916 imagines
780 830 905 912 reddit,
928 831 976 894 sic
997 831 1133 894 tectoria
1148 852 1230 916 quae
1245 852 1287 893 ex
1308 831 1399 894 tenui
1421 839 1496 894 sunt

352 934 454 998 ducta
480 934 617 998 materia
642 955 709 999 non
735 931 831 997 modo
860 932 941 997 fiunt
967 933 1103 1013 rimosa,
1138 932 1197 995 scd
1224 933 1321 996 etiam
1348 931 1496 997 celeriter

270 1114 273 1121 Ι
352 1043 566 1099 evanesermt.
616 1056 698 1121 quae
724 1043 833 1098 autem
860 1034 997 1098 fundata
1024 1034 1242 1105 harenationis
1267 1043 1299 1098 et
1325 1036 1494 1098 marmoris

351 1135 522 1201 soliditate
554 1145 631 1201 sunt
663 1135 880 1201 crassitudine
911 1136 1033 1222 spissa,
1069 1158 1141 1199 cum
1176 1145 1251 1200 sunt
1282 1136 1494 1223 politionibus

352 1237 480 1302 crebris
503 1238 648 1321 subacta,
671 1261 736 1304 non
750 1238 847 1303 modo
862 1247 938 1302 sunt
959 1239 1113 1321 nitentia,
1136 1237 1194 1301 sed
1217 1239 1315 1302 etiam
1337 1239 1495 1322 imagines
1514 1252 1529 1299 5

300 1358 333 1408 10
351 1362 528 1427 expressas
555 1340 791 1427 aspicientibus
820 1362 863 1404 ex
890 1361 928 1406 eo
955 1361 1051 1426 opere
1073 1341 1252 1405 remittunt.
1298 1338 1495 1406 Graecorum

353 1463 434 1506 vero
456 1450 596 1507 tectores
617 1464 683 1507 non
705 1440 810 1507 solum
832 1441 883 1505 his
905 1442 1087 1507 rationibus
1110 1440 1231 1506 utendo
1254 1440 1376 1506 faciunt
1399 1464 1496 1528 opera

352 1544 449 1607 firma
456 1591 466 1626 ‚
490 1543 548 1607 sed
571 1544 669 1608 etiam
683 1543 837 1608 mortario
853 1541 1035 1625 conlocato,
1059 1541 1194 1607 calceet
1216 1541 1336 1608 harena
1352 1543 1398 1608 ibi
1421 1566 1495 1607 con-

352 1644 439 1727 fusa,
464 1643 596 1718 decuria
617 1645 784 1710 hominum
798 1646 943 1726 inducta,
965 1642 1084 1729 ligneis
1100 1645 1248 1710 vectibus
1271 1646 1381 1731 pisunt
1396 1655 1495 1709 mate·

352 1749 458 1828 riam,
492 1755 525 1811 et
551 1747 598 1811 ita
624 1746 668 1810 ad
701 1755 864 1812 certamen
891 1745 1026 1811 subacta
1057 1755 1135 1810 tune
1161 1755 1306 1813 utuntur.
1354 1748 1496 1833 itemque
1516 1761 1547 1809 10

353 1847 524 1914 veteribus
552 1847 733 1936 parietibus
760 1847 905 1913 nonnulli
933 1859 1058 1913 crustas
1088 1847 1276 1913 excidentes
1305 1871 1363 1934 pro
1385 1850 1495 1912 abacis

352 1957 508 2032 utuntur,
531 1951 667 2037 ipsaque
689 1950 827 2015 tectoria
846 1949 1022 2015 abacorum
1044 1959 1075 2013 et
1098 1949 1301 2036 speculorum
1324 1950 1494 2014 divisioni-

351 2052 416 2117 bus
440 2051 526 2115 cirea
548 2073 583 2115 se
604 2052 824 2138 prominentes
844 2051 967 2117 habent
988 2052 1223 2139 expressiones.

300 2171 331 2219 11
442 2151 501 2218 Sin
527 2161 636 2217 autem
663 2153 698 2217 in
725 2154 868 2219 craticiis
897 2154 1033 2219 tectoria
1062 2163 1156 2218 erunt
1182 2153 1348 2236 facienda,
1378 2155 1495 2241 quibus

350 2276 488 2320 neeesse
510 2264 561 2320 est
586 2256 622 2319 in
642 2257 826 2321 arrectariis
849 2265 882 2320 et
908 2257 1152 2321 transversariis
1178 2257 1277 2320 rimas
1305 2256 1392 2340 fieri,
1421 2257 1495 2320 ideo
1515 2271 1546 2320 re

351 2354 444 2443 quod
470 2354 539 2422 luto
566 2376 640 2420 eum
668 2353 815 2422 linuntur
841 2359 1024 2423 necessario
1046 2357 1208 2444 recipiunt
1234 2380 1394 2442 umorem,
1423 2381 1495 2421 cum

350 2467 466 2522 autem
486 2459 644 2544 [arescunt
672 2460 841 2546 extenuati
868 2461 903 2524 in
928 2460 1074 2525 tectoriis
1101 2459 1226 2524 faciunt
1253 2461 1368 2544 rimas,
1398 2460 1432 2523 id
1459 2469 1496 2522 ut

349 2581 422 2624 non
448 2558 506 2625 fiat
530 2559 612 2624 haec
635 2562 696 2627 erit
723 2562 817 2627 ratio.
867 2583 940 2625 eum
967 2563 1075 2648 paries
1103 2571 1190 2627 totus
1219 2561 1286 2628 luto
1309 2563 1494 2649 inquinatus

350 2660 474 2744 fuerit,
500 2671 578 2727 tuno
604 2663 639 2726 in
662 2684 699 2728 eo
721 2683 819 2750 opere
841 2685 963 2727 cannae
991 2662 1092 2728 clavis
1120 2665 1289 2727 muscariis
1319 2673 1495 2750 perpetuae

349 2762 513 2847 figantur,
537 2762 658 2828 deinde
678 2765 797 2830 iterum
819 2763 887 2830 luto
904 2765 1036 2830 inducto
1052 2766 1080 2828 si
1102 2766 1227 2850 priores
1249 2767 1494 2829 transversariis
1513 2781 1546 2830 ‘20

348 2862 592 2948 harundinibus
615 2857 815 2950 huessant,
838 2866 1000 2933 secundae
1016 2867 1130 2931 erectis
1153 2865 1294 2952 figantur
1309 2876 1340 2932 et
1362 2868 1423 2950 ita,
1446 2868 1495 2931 uti

349 2967 627 3055 suprascriptum
650 2977 714 3052 est,
737 2969 928 3034 harenatum
944 2978 975 3033 et
997 2990 1139 3035 marmor
1154 2978 1185 3031 et
1208 2991 1301 3034 omne
1322 2970 1494 3032 tectorium

347 3068 537 3135 inducatur.
573 3072 627 3135 'ita
649 3092 824 3135 cannarum
846 3070 968 3158 duplex
994 3072 1029 3135 in
1051 3070 1230 3156 parietibus
1257 3069 1493 3134 harundinibus

347 3173 552 3236 transversis
579 3171 646 3237 fixa
677 3174 878 3261 perpetuitas
906 3195 966 3236 nee
993 3172 1140 3258 segmina
1167 3193 1226 3236 nec
1252 3173 1368 3237 rimam
1394 3170 1493 3236 ullam

347 3272 427 3338 fieri
447 3274 599 3361 patietur.
1511 3289 1544 3338 25

309 3395 324 3443 1
441 3372 571 3455 Quibus
586 3376 768 3441 rationibus
784 3378 880 3441 siccis
902 3376 982 3440 locis
1005 3378 1141 3442 tectoria
1156 3384 1303 3463 oporteat
1325 3376 1395 3441 fieri
1410 3375 1493 3461 dixi,
1506 3389 1544 3440 1v

346 3497 440 3540 nunc
462 3475 739 3563 quemadmodum
760 3478 881 3542 umidis
908 3476 988 3542 locis
1016 3477 1187 3563 politiones
1216 3479 1432 3566 expediantru·
1459 3489 1495 3544 ut

347 3597 542 3665 permanere
564 3580 690 3665 possint
713 3580 783 3644 sine
805 3580 908 3663 vitiis,
932 3601 1101 3666 exponam.
1146 3590 1178 3645 et
1205 3582 1345 3668 primum
1368 3580 1493 3647 concla«

422 3802 436 3850 1
454 3800 545 3852 reddit
562 3804 617 3857 ed:
641 3802 735 3853 redd&
754 3804 784 3853 H
801 3802 891 3869 (bele),
915 3803 1014 3854 reddet
1032 3804 1053 3854 G
1072 3802 1109 3866 (l).
1133 3800 1145 3869 (Ι
1168 3806 1184 3854 2
1202 3806 1319 3855 materia
1344 3807 1377 3856 G:
1400 3822 1446 3857 am.
1466 3807 1494 3855 11

350 3885 413 3951 (Llc
431 3881 490 3950 VJ).
513 3882 525 3952 ΙΙ
547 3886 724 3939 ⁴lsoliditate
745 3888 855 3949 61100,
874 3888 1013 3939 solidatae
1032 3885 1075 3951 L).
1098 3884 1110 3953 (Ι
1133 3888 1312 3953 politionibus
1333 3890 1354 3939 (1¹
1372 3890 1428 3954 (10):
1448 3906 1494 3953 po-

347 3968 504 4020 lutionibua
522 3969 569 4035 (ere
586 3970 842 4038 pollitionibuslH
856 3970 956 4036 (Llcb).
977 3968 989 4037 ΙΙ
1012 3974 1121 4024 dsunt:
1145 3974 1182 4022 sic
1207 3974 1257 4025 GH
1280 3972 1359 4036 (fiunt
1380 3972 1457 4036 aaa).
1479 3964 1490 4037 ll

349 4054 367 4103 8
388 4051 526 4105 collocato
546 4055 597 4105 GH
614 4053 675 4120 (le
695 4072 741 4108 om.
760 4054 852 4123 11)),9
871 4058 965 4123 pisunt
982 4073 1041 4123 eqo:
1061 4057 1154 4122 pisant
1175 4058 1225 4108 GH
1238 4055 1317 4121 (Llc).
1336 4054 1347 4123 (Ι
1365 4060 1396 4109 10
1413 4057 1492 4107 item·

350 4151 404 4201 que
422 4151 481 4202 epo:
499 4138 596 4205 itaque
615 4141 673 4191 GH.
698 4138 710 4207 (Ι
734 4143 765 4191 14
783 4142 914 4192 facienda
928 4142 979 4192 GH
997 4141 1071 4204 (Led,
1091 4141 1223 4191 faciunda
1241 4140 1268 4203 l).
1285 4137 1297 4207 (Ι
1314 4143 1345 4192 17
1365 4147 1493 4192 arescunt

349 4223 422 4273 doe:
442 4227 570 4274 arescent
584 4224 643 4276 GH.
662 4221 676 4292 Ι]
694 4229 725 4276 21
745 4226 956 4276 harundinibus:
975 4227 1012 4275 sic
1032 4227 1061 4289 G,
1080 4224 1265 4291 harunldihus
1284 4227 1316 4275 H
1330 4223 1374 4291 (L,
1392 4227 1492 4276 harun-

351 4306 463 4358 dinibus
479 4306 527 4374 le),
550 4310 600 4359 sed
614 4327 638 4364 a.
657 4313 694 4361 23
712 4310 913 4361 harundinibus
930 4319 1036 4376 uterque
1060 4309 1210 4373 (ordinibus
1228 4312 1361 4377 utrobique
1378 4310 1456 4374 Joc).
1478 4307 1490 4376 ()

352 4395 381 4441 et
398 4392 439 4441 ita
456 4393 497 4443 uti
517 4394 550 4444 G:
570 4394 657 4444 etuti
675 4396 703 4444 H
721 4395 800 4459 (Llc).
823 4393 836 4463 (Ι
858 4399 892 4446 ⁶24
909 4396 1034 4460 segmina
1052 4397 1121 4450 doe:
1141 4396 1257 4446 tecmina
1277 4396 1305 4454 G,
1325 4397 1446 4460 tegmina
1465 4396 1492 4444 H

354 4473 433 4540 (hle).
455 4472 468 4542 Ι)
494 4479 528 4528 25
546 4485 608 4543 post
630 4479 753 4543 patietur
775 4483 802 4531 in
823 4483 905 4546 ipsum
926 4481 987 4532 libri
1010 4482 1031 4530 G
1053 4488 1149 4531 testum
1171 4483 1268 4529 inserta
1290 4484 1405 4545 leputatur
1428 4497 1492 4545 quae

353 4560 470 4611 rubricae
487 4564 545 4613 olim
560 4563 667 4626 fuerant
684 4564 761 4615 uerba
772 4564 846 4616 haee:
866 4563 1007 4628 Quomodo
1020 4566 1138 4615 tectoria
1155 4566 1183 4613 in
1201 4564 1318 4614 humidis
1330 4564 1399 4614 loois
1417 4564 1491 4619 fiant.

354 4640 471 4707 (Quibus
489 4647 647 4699 rationibus
664 4648 735 4713 etc).
770 4665 802 4699 ea
819 4651 908 4700 absunt
926 4650 958 4700 ub
976 4650 1006 4697 H
1023 4646 1101 4712 (Lle).
1126 4645 1138 4714 Ι(
1160 4650 1192 4698 27
1210 4649 1358 4713 politiones
1383 4649 1416 4700 G:
1444 4665 1492 4714 po-

354 4726 472 4782 lutionea
490 4732 518 4781 H
536 4732 595 4796 (Ide
613 4740 716 4802 etanta
733 4750 801 4785 corr.
819 4733 854 4798 1).
890 4734 926 4792 ef.
944 4750 1025 4799 supra
1042 4751 1065 4785 v.
1084 4735 1108 4782 1.
