3984 5825
439 666 503 728 242
773 688 783 709 ·
930 680 1089 725 vrruuvu

439 855 549 895 earum
564 832 737 918 principiis
753 832 950 893 ratiocinari.
993 834 1106 916 itaque
1128 831 1169 895 de
1191 830 1254 913 his,
1277 842 1314 895 ut
1341 855 1460 919 corpus
1482 856 1591 897 emen-

440 934 551 997 datum
577 933 815 996 architecturae
849 933 1055 1017 perficiatur,
1094 935 1275 1018 insequenti
1312 934 1480 998 volumine
1509 938 1590 1001 inci·

439 1038 525 1121 piam
548 1035 701 1098 scribere.

724 1342 937 1414 LIBER
972 1340 1297 1417 DsJOIMUS.

405 1550 420 1593 5
525 1525 635 1588 Nobili
660 1525 860 1590 Graecorum
888 1536 920 1589 et
942 1526 1050 1612 ampla
1073 1527 1209 1590 civitate
1231 1527 1356 1615 Ephesi
1379 1527 1436 1590 lex
1456 1539 1588 1592 vetusta
1608 1548 1619 1592 1

438 1629 558 1691 dicitur
579 1651 597 1690 a
621 1628 797 1691 maioribus
818 1629 898 1691 dura
921 1628 1110 1692 conditione
1132 1629 1190 1692 sed
1213 1629 1284 1691 iure
1298 1650 1371 1692 esse
1385 1652 1452 1692 non
1474 1631 1590 1716 iniquo

438 1731 624 1793 constituta.
669 1752 742 1792 nam
770 1729 969 1793 architectus
997 1752 1072 1793 cum
1103 1730 1271 1816 publicum
1293 1753 1375 1817 opus
1402 1732 1589 1794 cruandum

439 1833 571 1918 recipit,
607 1830 779 1916 pollicetur
806 1842 926 1918 quanto
955 1843 1088 1919 sumptu
1121 1832 1155 1895 id
1184 1834 1228 1895 sit
1254 1832 1412 1896 futurum.
1463 1833 1588 1897 tradita

437 1935 664 1997 aestimatione
691 1935 896 2026 magistratui
923 1934 1011 1997 bona
1040 1935 1110 1997 eius
1138 1933 1341 2018 obligantur,
1370 1934 1477 1998 donee
1504 1958 1585 2021 opus

390 2057 419 2102 ro
436 2037 480 2098 sit
503 2035 693 2120 perfectum.
737 2033 888 2098 absoluto
910 2044 1037 2116 autem,
1067 2058 1140 2099 curn
1161 2034 1205 2097 ad
1227 2035 1351 2098 dictum
1374 2037 1517 2122 inpensa
1538 2061 1586 2099 re-

350 2173 353 2178 ·
434 2137 584 2224 spondit,
607 2136 746 2199 decretis
769 2147 801 2199 ct
824 2135 1001 2200 honoribus
1017 2148 1161 2201 ornatur.
1204 2138 1282 2201 item
1305 2139 1332 2200 si
1354 2161 1423 2202 non
1442 2140 1586 2225 amplius

435 2263 531 2325 quam
548 2254 662 2324 quarta
685 2241 718 2300 in
734 2260 831 2324 opcre
847 2239 1050 2302 consumitur
1064 2239 1107 2301 ad
1121 2240 1381 2303 aestimationem
1395 2241 1585 2323 adicienda,

435 2341 476 2403 de
498 2340 629 2427 publico
652 2326 851 2424 praestatur,
880 2362 985 2425 neque
1008 2340 1074 2404 ulla
1096 2363 1200 2427 poena
1223 2351 1362 2404 tenetur.
1407 2364 1484 2404 cmn
1507 2342 1604 2405 vero'

433 2443 574 2529 amplius
597 2463 693 2526 quam
716 2452 830 2526 quarta
853 2443 1007 2528 inopere
1030 2444 1243 2524 consumitur,
1266 2465 1308 2506 ex
1328 2445 1399 2506 eins
1422 2443 1521 2508 bonis
1541 2446 1584 2506 ad

388 2565 417 2610 ιε»
435 2543 669 2630 perticicndum
696 2544 835 2628 pecunia
856 2546 1012 2628 exigitur.
1055 2546 1182 2608 utinam
1203 2545 1252 2608 dii
1272 2544 1463 2609 inmortales
1486 2545 1614 2610 fecis-t

434 2656 507 2709 sent
539 2656 574 2709 ut
603 2667 639 2706 ea
673 2624 737 2707 lexx
755 2647 854 2708 etiam
882 2663 913 2708 P.
944 2664 978 2709 R.
1004 2668 1070 2709 nou
1098 2646 1194 2710 modo
1221 2645 1363 2733 publicis
1391 2648 1451 2710 sed
1483 2650 1580 2711 etiam

434 2749 572 2834 privatis
594 2747 754 2810 aedificiis
777 2760 862 2811 esset
890 2748 1078 2811 constituta.
1121 2769 1263 2834 namque
1290 2771 1356 2812 non
1378 2750 1452 2812 sine
1477 2771 1581 2836 poena

434 2862 661 2936 grassarentur
676 2850 826 2936 inperiti,
850 2849 909 2911 sed
931 2850 989 2935 qui
1011 2871 1137 2911 summa
1152 2850 1377 2914 doctrinarum
1396 2851 1581 2917 subtilitate

434 2965 542 3018 esseut
558 2953 752 3042 prudentes,
769 2955 839 3015 siue
854 2951 1062 3014 dubitatione
1076 2952 1306 3037 profiterentur
1314 2954 1579 3035 architecturam,

367 3064 416 3123 ‘20
434 3079 540 3143 neque
561 3054 889 3142 patresfamiliarum
912 3053 1145 3118 inducerentur
1164 3053 1208 3116 ad
1230 3047 1377 3118 infinitas
1389 3067 1579 3143 sumptuum

434 3159 639 3245 profusiones
662 3167 697 3220 ut
721 3169 752 3219 ct
775 3155 910 3218 ebonis
933 3157 1131 3236 eicerentur,
1159 3156 1288 3241 ipsique
1308 3156 1483 3221 architecti
1504 3180 1578 3243 poe·

434 3284 496 3324 nae
517 3262 634 3323 timore
656 3259 760 3322 coacti
782 3256 976 3340 diligentius
990 3257 1125 3321 modum
1145 3258 1359 3341 inpensarum
1380 3260 1576 3323 ratiocinan-

433 3373 483 3425 tes
506 3360 725 3447 explicarent,
748 3362 798 3424 uti
820 3369 930 3445 patres
952 3358 1150 3421 familiarum
1172 3359 1215 3421 ad
1237 3359 1270 3421 id
1293 3358 1383 3445 quod
1405 3383 1574 3448 praepara-

434 3464 576 3543 vissent,
604 3485 661 3525 scu
689 3461 785 3546 pardo
806 3460 946 3546 amplius
968 3460 1166 3541 adicientes,
1194 3459 1344 3523 aedificia
1372 3464 1574 3548 expedirent.

502 3754 621 3803 vamur
645 3752 717 3802 riser
735 3735 846 3816 urio,
865 3752 965 3805 mur.
979 3751 1095 3815 explicit
1121 3751 1183 3811 (-e
1202 3751 1245 3814 o).
1286 3752 1391 3817 napa
1408 3753 1482 3803 mer
1502 3755 1574 3805 aas

434 3838 575 3891 mus.GH
595 3835 644 3901 (L,
668 3836 779 3901 explicit
801 3836 873 3886 liber
895 3838 949 3885 noir
972 3835 1084 3885 vitruvii
1097 3870 1105 3882 .
1120 3835 1222 3899 incipit
1241 3834 1315 3884 liber
1334 3836 1461 3886 decimus
1482 3842 1505 3890 1.
1526 3854 1571 3887 οι.

434 3940 496 3974 non.
515 3940 538 3973 c.
555 3926 611 3972 sine
630 3925 669 3974 ru.
687 3923 712 3969 l.

501 4046 697 4105 bernegornm
717 4041 753 4088 H.
774 4037 787 4054 '¹
811 4042 827 4088 8
845 4044 954 4102 sumptu
972 4038 1001 4087 id
1020 4041 1058 4087 sit
1073 4039 1146 4089 loe:
1170 4040 1290 4103 sumptui
1306 4038 1382 4088 adsit
1399 4040 1487 4093 1:⁶11.
1507 4039 1522 4105 fl
1543 4043 1574 4089 lt)

433 4126 589 4190 respondit:
617 4127 655 4173 sir
674 4124 753 4173 null
768 4123 857 4184 (-dct
875 4121 940 4187 ert).
961 4119 975 4140 “
1001 4126 1032 4171 12
1050 4123 1085 4170 ad
1104 4124 1326 4171 aestimationem
1344 4129 1389 4172 est
1411 4124 1492 4185 l-ne
1508 4128 1523 4173 ἒ
1541 4126 1572 4186 G)

433 4209 642 4260 adiciemlade
668 4210 745 4257 ΕΓιΙΙ
767 4209 860 4269 (deleri
879 4212 935 4266 cst,
958 4216 1050 4257 eontra
1071 4207 1149 4256 rerba
1170 4209 1198 4255 in
1225 4223 1310 4271 opere
1335 4209 1506 4258 consumitur
1525 4226 1571 4259 on.

434 4293 508 4341 Sela.
527 4311 580 4341 eun
597 4293 710 4343 l'orsr'o'.
731 4289 743 4296 ”“
770 4295 801 4341 ll
819 4309 853 4341 ex
865 4292 924 4340 eins
937 4293 1100 4356 —exigitur
1116 4308 1167 4340 on.
1185 4291 1218 4338 Ε.
1240 4289 1254 4351 {¹
1274 4293 1307 4340 15
1325 4290 1462 4341 fecissent
1479 4310 1513 4343 ea
1529 4294 1572 4343 lex

434 4395 512 4442 sou
532 4403 568 4454 ,a
587 4395 648 4445 aaa
668 4393 760 4442 ,unt
784 4451 788 4456 ⁸
821 4395 852 4442 rs
870 4378 940 4444 r‘u:
958 4394 996 4441 sa
1009 4392 1088 4441 nou
1103 4391 1200 4455 (nen.
1212 4390 1314 4455 populo
1321 4406 1446 4442 amano
1457 4396 1499 4443 ea
1513 4391 1526 4458 ιι
1541 4396 1571 4443 ra

434 4478 650 4525 architecturam
660 4503 693 4510 -
703 4476 900 4525 inducerentur
915 4494 962 4526 οι.
982 4477 1015 4524 Ε.
1031 4473 1045 4541 J·
1060 4479 1094 4525 20
1110 4476 1220 4540 sumptu
1232 4484 1294 4525 nte
1303 4492 1374 4528 corr.
1387 4477 1411 4525 6
1426 4476 1489 4539 (non
1500 4478 1543 4541 E).

432 4561 461 4606 21
483 4572 509 4608 et
529 4567 559 4608 nt
583 4575 619 4619 ¹nt
632 4567 659 4608 et
673 4561 730 4624 epol
749 4561 845 4610 ebonis
864 4562 949 4613 KGH.
992 4562 1150 4610 eicerentur
1160 4558 1226 4608 EII:
1245 4561 1420 4609 eiecereutur
1434 4562 1465 4614 6.
1479 4559 1493 4628 ss
1507 4562 1570 4626 ipsi-

433 4657 483 4702 que
506 4644 534 4690 H
557 4645 671 4703 ¹ths'r':
700 4646 823 4708 ipsisque
843 4646 866 4692 E
884 4653 910 4693 e!
927 4653 987 4694 onte
1002 4662 1073 4694 corr.
1092 4646 1123 4696 (ι’.
1141 4673 1154 4709 ;
1174 4659 1281 4708 poenae
1299 4644 1328 4692 ΙΙ
1344 4643 1467 4709 (Mle-2:
1484 4661 1569 4711 poena

434 4723 456 4768 Ε
480 4735 505 4772 et
534 4730 614 4787 pena'
636 4736 695 4775 ante
712 4745 780 4780 corr.
801 4730 831 4779 G.
1484 4721 1488 4725 ⁴
