3984 5825
430 626 491 690 184
917 638 1076 685 visamus

428 795 463 857 in
479 815 542 879 qua
561 801 637 856 ante
661 791 789 854 fuerant
811 793 1054 878 proprietatem.
1097 789 1303 877 Pythagoras
1326 811 1423 873 vero,
1453 790 1577 877 Empe-

429 893 549 975 docles,
574 893 787 980 Epicharmos
810 892 931 981 ahique
952 893 1084 980 physici
1108 900 1140 955 et
1167 890 1354 978 philosophi
1382 891 1463 955 haec
1484 893 1577 979 prin-

430 996 516 1081 cipia
532 1016 604 1057 esse
619 1002 773 1080 quattuor
788 1003 1037 1081 proposuerunt,
1059 1015 1167 1057 aerem
1183 994 1293 1078 ignem
1308 1001 1428 1057 terram
1443 1015 1577 1079 aquam,

430 1117 604 1183 eorumque
626 1096 710 1159 inter
732 1118 767 1159 se
789 1096 1028 1161 cohaerentiam
1049 1093 1191 1159 naturali
1218 1095 1413 1179 figuratione
1435 1116 1453 1157 e
1475 1117 1577 1180 gene-

394 1215 500 1262 arum
529 1196 772 1262 discriminibus
801 1197 930 1262 efficere
953 1194 1137 1284 qualitates.
1180 1195 1472 1262 animadvertimus
1495 1218 1577 1260 vero
1597 1215 1613 1260 2

428 1322 493 1364 non
520 1300 624 1364 solum
651 1300 820 1363 nascentia
847 1321 890 1364 ex
921 1299 972 1389 his
1002 1319 1074 1363 esse
1106 1307 1274 1385 procreata
1303 1297 1362 1361 sed
1395 1300 1494 1362 etiarn
1518 1306 1579 1363 'res

429 1423 540 1466 omnes
562 1423 628 1466 non
649 1401 693 1464 ali
715 1401 786 1464 sine
807 1423 918 1465 eorum
938 1408 1100 1487 potestate
1114 1420 1220 1486 neque
1235 1420 1381 1465 crescere
1395 1421 1457 1464 neo
1477 1401 1579 1465 tueri.

430 1523 569 1589 namque
591 1524 726 1588 corpora
741 1503 811 1566 sine
826 1503 960 1589 spiritus
975 1502 1195 1567 redundantia
1208 1514 1274 1566 non
1295 1510 1433 1587 possunt
1454 1500 1580 1566 habere

430 1606 548 1687 vitam,
578 1604 643 1668 nisi
670 1625 726 1666 aer
753 1604 891 1669 influens
920 1626 994 1668 cum
1025 1604 1225 1668 incremento
1257 1602 1374 1668 fecerit
1399 1612 1517 1668 auctus
1547 1613 1580 1667 et

382 1723 412 1769 ιο
430 1706 637 1770 remissiones
665 1706 880 1772 continenter.
928 1704 1044 1770 c'aloris
1067 1726 1144 1770 vero
1172 1707 1202 1769 si
1227 1727 1294 1770 non
1320 1704 1420 1769 fuerit
1448 1705 1492 1789 in,
1507 1727 1578 1770 cor-

431 1829 508 1895 pore
531 1808 618 1871 iusta
641 1809 855 1894 comparatio,
877 1829 944 1871 non
965 1807 1027 1870 erit
1049 1808 1184 1894 spiritus
1206 1804 1356 1871 animalis
1378 1827 1485 1898 neque
1510 1829 1578 1870 ere-

432 1910 496 1973 ctio
518 1908 627 1991 firma,
651 1908 781 1995 cibique
804 1911 890 1973 vires
912 1897 977 1973 nori
998 1917 1150 1995 poterunt
1171 1907 1292 1972 habere
1314 1907 1472 1972 coctionis
1496 1918 1578 1973 tem-

432 2018 626 2097 peraturam.
671 2011 750 2074 item
772 2011 800 2075 si
822 2033 887 2074 non
908 2012 1055 2074 terrestri
1077 2008 1152 2073 cibo
1166 2008 1310 2074 membra
1325 2010 1472 2096 corporis
1487 2008 1579 2076 alan-

433 2124 503 2195 tur,
527 2110 720 2175 deficientur
742 2121 773 2176 et
795 2114 842 2176 ita
862 2135 882 2176 a
904 2116 1024 2176 terreni
1045 2111 1200 2198 principii
1221 2111 1380 2174 mixtione
1402 2120 1500 2175 erunt
1524 2110 1579 2175 de-

382 2232 413 2279 15
431 2223 527 2278 serta.
571 2212 724 2277 animalia
738 2235 816 2279 vero
839 2215 868 2278 si
890 2213 1012 2278 fuerint
1034 2214 1104 2278 sine
1118 2213 1240 2278 umoris
1262 2220 1435 2298 potestate,
1459 2231 1617 2278 cassan-3

431 2317 566 2400 guinata
601 2324 632 2379 et
665 2324 821 2380 exsucata
855 2337 874 2379 a
907 2316 1142 2404 principiorum
1175 2314 1301 2401 liquore
1329 2315 1578 2380 interarescent.

432 2418 533 2502 igitur
556 2418 670 2481 divina
698 2438 788 2480 mens
812 2438 894 2504 quae
922 2418 1053 2504 proprie
1080 2417 1262 2481 necessaria
1285 2426 1393 2481 essent
1419 2417 1578 2502 gentibus

431 2540 496 2582 non
518 2519 688 2583 constituit
715 2516 863 2582 difficilia
890 2528 922 2584 et
949 2540 1038 2602 cara,
1069 2520 1119 2584 uti
1138 2517 1221 2606 [sunt
1242 2518 1439 2604 margaritae
1460 2541 1579 2583 aurum

431 2628 603 2705 argentum
625 2628 795 2706 ceteraque
816 2641 899 2707 quae
919 2641 1024 2706 neque
1047 2642 1163 2708 corpus
1185 2642 1245 2685 nec
1267 2629 1382 2684 natura
1396 2620 1579 2703 desiderat,

382 2741 415 2788 ao
433 2721 491 2786 sed
513 2723 585 2788 sine
603 2722 720 2809 quibus
742 2721 928 2788 mortalium
943 2723 1013 2787 vita
1028 2744 1092 2787 non
1113 2732 1310 2809 potestesse
1330 2730 1411 2804 tuta,
1423 2723 1425 2725 ’
1436 2744 1475 2787 ea
1489 2723 1578 2788 fudit

433 2823 475 2888 ad
504 2846 636 2889 manum
662 2832 775 2910 parata
801 2845 860 2913 per
887 2846 1014 2889 omnem
1041 2823 1207 2888 mundum.
1250 2825 1361 2910 itaque
1383 2845 1426 2888 ex
1448 2823 1518 2908 his,
1548 2826 1578 2909 si

434 2925 513 3013 quid
534 2927 620 2992 sorte
634 2926 714 2992 defit
735 2928 771 2992 in
792 2949 927 3015 corpore
948 2929 1099 3014 spiritus,
1122 2927 1164 2991 ad
1185 2924 1425 2991 restituendum
1446 2948 1504 2991 aer
1519 2926 1575 3004 ad·

433 3030 581 3114 signatus
598 3028 634 3094 id
656 3038 810 3116 praestat.
846 3036 1021 3118 apparatus
1036 3037 1145 3092 autem
1159 3027 1201 3092 ad
1223 3025 1347 3093 auxilia
1362 3025 1479 3092 caloris
1497 3027 1576 3093 solis

434 3133 574 3219 impetus
603 3140 635 3195 et
661 3132 749 3217 ignis
770 3132 924 3197 inventus
945 3131 1098 3196 tutiorem
1121 3129 1230 3194 efficit·
1248 3129 1358 3194 vitam.
1402 3130 1484 3194 item
1512 3138 1576 3193 ter-

382 3251 416 3300 25
433 3255 530 3296 renus
552 3232 678 3297 fructus
700 3254 846 3298 escarum
866 3241 1034 3321 praestans
1053 3232 1159 3325 'copiis
1175 3232 1385 3318 supervacuis
1408 3230 1576 3296 desidera-

432 3332 538 3395 tiones
565 3330 595 3395 al
618 3340 627 3392 t
654 3343 686 3399 et
712 3336 816 3399 nutrit
847 3332 1003 3400 animales
1035 3332 1197 3419 pascendo
1226 3334 1440 3399 continenter.
1491 3355 1577 3420 aqua

503 3505 512 3543 1
536 3502 619 3564 inqua
636 3503 668 3556 L,
694 3501 706 3569 Η
729 3509 795 3556 ante
815 3508 869 3556 GH
889 3506 934 3569 (lo,
957 3510 1041 3556 antea
1063 3504 1108 3569 L).
1130 3501 1142 3570 ΙΙ
1165 3505 1278 3556 fuerant
1301 3505 1323 3555 θ
1344 3503 1405 3569 (lr):
1430 3506 1527 3557 fuerat
1548 3508 1577 3557 H

431 3593 488 3645 rw).
506 3580 518 3648 d
533 3585 729 3647 proprietatem
741 3589 773 3637 Η
783 3587 855 3652 (-te
872 3590 929 3654 LO:
949 3592 1056 3640 -tates
1070 3589 1100 3642 G.
1114 3585 1126 3655 ΙΙ
1142 3589 1341 3655 tepicharmos
1352 3589 1439 3642 Euri.
1454 3587 1468 3656 ΙΙ
1485 3594 1502 3643 3
1515 3606 1578 3642 esse

435 3669 578 3729 quattuor:
596 3669 634 3717 sio
650 3668 737 3723 ΕΘΗ.
754 3668 767 3737 ΙΙ
783 3688 875 3723 aerem
886 3674 927 3724 hio
938 3664 1032 3725 omnen
1048 3669 1060 3741 ΙΙ
1075 3681 1177 3725 terram
1189 3689 1302 3739 aquam=
1320 3676 1358 3728 aa
1369 3674 1458 3725 ΕΘΗ.
1474 3671 1488 3742 ss
1504 3677 1579 3726 too·

434 3750 606 3800 haerentiam
626 3753 696 3804 Get:
716 3755 877 3806 coherentia
894 3758 980 3810 EGH.
1003 3756 1014 3824 11
1036 3774 1182 3826 egenarum
1204 3758 1286 3811 EGH
1300 3755 1357 3822 (LI,
1375 3775 1509 3826 generum
1532 3777 1578 3814 om.

433 3851 526 3899 praep.
540 3833 592 3900 rh).
610 3832 622 3904 ΙΙ
639 3838 654 3886 7
667 3837 706 3886 ali
720 3837 1057 3910 GH(Lcca,alii1,a1iquq
1069 3852 1190 3897 anteros.
1202 3840 1249 3910 L):
1264 3843 1345 3895 aliter
1353 3844 1387 3894 E.
1404 3840 1417 3910 ΙΙ
1433 3846 1450 3896 8
1461 3845 1579 3910 spiritus

435 3919 525 3973 Sota:
553 3922 655 3986 spiritu
672 3921 757 3973 EGH.
780 3920 792 3990 Η
822 3928 853 3975 10
877 3926 1054 3978 continentur
1076 3925 1177 3992 G(non
1196 3928 1240 3991 E).
1267 3923 1281 3994 ΙΙ
1307 3927 1408 3979 caloris
1430 3927 1515 3979 EGH
1534 3926 1579 3995 (L,

436 4003 536 4055 coloris
554 4005 597 4069 lc).
617 4001 629 4071 ΙΙ
652 4008 682 4083 12
701 4007 847 4082 coctionis:
866 4010 904 4059 sic
921 4010 1007 4065 ΕΘΗ.
1032 4008 1044 4077 ss
1067 4014 1099 4082 14
1116 4011 1278 4062 deficientur
1295 4013 1324 4082 Η
1342 4006 1427 4076 (Llc):
1447 4012 1580 4064 deficient

435 4089 460 4135 Ιί
464 4088 491 4137 G.
512 4084 525 4153 ΙΙ
546 4090 578 4138 15
594 4089 717 4139 humoris
735 4091 768 4148 Ε,
786 4094 887 4143 umoris
907 4094 961 4143 GH
975 4092 1087 4157 (umeris
1103 4102 1163 4147 ante
1180 4112 1249 4146 corr.
1262 4096 1298 4159 H,
1317 4098 1419 4147 umeris
1432 4097 1464 4161 L,
1483 4098 1580 4148 hume-

435 4171 472 4219 ris
491 4172 533 4234 le).
556 4168 568 4237 ΙΙ
591 4174 623 4221 16
642 4178 775 4223 exsucata
794 4176 848 4224 GH
863 4176 905 4240 (L,
920 4178 1062 4230 exsiccata
1078 4179 1122 4243 lc),
1141 4184 1291 4245 exsuccata
1303 4181 1337 4233 E.
1360 4178 1371 4247 ΙΙ
1391 4182 1579 4234 iterarescent

436 4257 466 4302 Ic.
490 4252 502 4319 Η
526 4257 558 4305 19
575 4271 664 4320 neque
684 4273 782 4323 corpus
799 4265 851 4311 neo
867 4262 900 4311 Η
915 4261 997 4327 (Ltc):
1017 4278 1106 4327 neque
1125 4278 1223 4329 corpus
1241 4265 1406 4329 nequaEG.
1424 4262 1436 4332 ΙΙ
1456 4267 1491 4317 20
1509 4270 1578 4323 tuta,

437 4353 471 4386 ea
488 4339 561 4388 fudit
578 4356 624 4404 epo
644 4340 750 4404 (effudit
767 4343 833 4406 ed.):
855 4347 1009 4397 tutaeiudit
1025 4349 1058 4397 H
1077 4347 1168 4411 (tutae
1187 4348 1259 4397 fudit
1276 4365 1302 4407 o,
1322 4353 1384 4399 tuta
1408 4350 1509 4400 effudit
1527 4350 1578 4407 era,

436 4425 497 4471 tuta
512 4420 517 4486 Ι
532 4423 622 4473 efudit
639 4429 659 4484 ἱ,
681 4430 741 4493 tute
760 4427 832 4478 fudit
849 4427 898 4494 L),
921 4436 983 4482 tuta
1001 4430 1071 4481 fudit
1089 4432 1147 4485 EG.
1167 4428 1179 4500 ΙΙ
1202 4434 1234 4481 '22
1252 4432 1319 4484 defit
1343 4434 1396 4485 GH
1411 4434 1482 4505 (ωε
1508 4436 1580 4485 desit

437 4505 462 4552 Ε
480 4504 540 4571 (eh).
564 4503 577 4573 ΙΙ
599 4511 632 4559 23
650 4511 768 4562 auxilia:
785 4514 823 4564 sic
840 4514 927 4566 EGH.
950 4512 963 4582 Η
985 4516 1087 4567 caloris
1104 4517 1154 4568 EG
1172 4516 1252 4581 (troz
1272 4504 1417 4569 colorisH
1432 4515 1579 4582 (celante

405 4610 406 4613 ¹
437 4604 507 4639 corr.
524 4591 551 4652 l).
575 4587 587 4657 ss
609 4594 643 4642 25
661 4593 880 4648 desiderationes
904 4596 950 4662 (rc.
973 4601 1061 4664 —nis)
1084 4602 1173 4654 Sota:
1197 4601 1445 4655 desiderationibus
1470 4601 1520 4668 (stc
1542 4605 1579 4667 Η,

437 4675 530 4737 -nih;
547 4675 607 4738 EG)
626 4677 711 4732 EGH.
