3984 5825
450 611 512 674 252
942 631 1096 676 vrrsuvu

451 783 685 868 praeterierunt
700 793 729 845 et
744 783 866 868 impetu
879 784 966 847 facto
979 807 1060 847 unus
1074 785 1225 848 cornibus
1238 787 1400 870 percussit
1412 808 1540 868 saxum,
1555 810 1594 850 cx

451 908 513 969 quo
535 895 642 946 crusta
671 884 904 947 candidissimo
935 885 1040 948 colore
1063 885 1125 948 fuit
1147 886 1283 950 deiecta.
1335 889 1380 951 ita
1411 888 1595 951 Pixodarus

452 986 573 1048 dicitur
595 1007 672 1047 oses
697 986 728 1048 in
752 986 917 1050 montibus
941 987 1114 1073 reliquisse
1129 998 1160 1051 et
1184 1000 1325 1052 crustam
1341 990 1462 1052 cursim
1485 989 1593 1075 Ephe-

453 1111 523 1149 sum
536 1136 544 1166 ,
568 1109 642 1149 curn
665 1089 807 1151 maxime
830 1088 870 1151 de
893 1111 931 1152 oa
954 1112 987 1151 re
1010 1100 1177 1174 ageretur,
1201 1089 1368 1154 detulisse.
1414 1093 1461 1154 ita
1484 1094 1594 1155 statim

418 1202 433 1249 5
452 1191 587 1253 honores
604 1188 818 1253 decreverunt
841 1191 871 1253 ci
887 1200 919 1254 et
934 1215 1050 1255 nomen
1067 1203 1275 1256 nudaverunt
1298 1204 1333 1258 ut
1354 1216 1413 1280 pro
1429 1193 1594 1258 Pixodaro

455 1290 640 1375 Euangelus
656 1293 888 1357 nominaretur.
919 1293 1080 1378 hodieque
1096 1304 1173 1379 quot
1194 1295 1361 1358 mensibus
1383 1297 1594 1379 magistratus

453 1397 484 1458 in
501 1416 574 1457 eum
596 1392 702 1456 locum
725 1394 943 1479 proficiscitur·
963 1404 994 1456 et
1018 1397 1046 1457 ci
1070 1395 1265 1459 sacrificium
1287 1396 1381 1481 facit,
1413 1407 1445 1461 et
1475 1399 1503 1460 si
1531 1420 1594 1462 non

452 1497 567 1560 fecerit
590 1517 694 1583 poena
717 1505 856 1560 tenetur.

380 1605 443 1656 V111
540 1600 592 1662 De
613 1599 775 1662 tractoriis
798 1598 978 1662 rationibus
1002 1620 1085 1683 quae
1108 1601 1291 1663 necessaria
1312 1602 1426 1686 putavi
1450 1601 1595 1665 breviter
1612 1610 1634 1678 (t

405 1722 434 1767 to
453 1702 601 1789 exposui.
656 1722 793 1786 quaurm
821 1709 927 1763 motus
956 1710 987 1763 et
1022 1701 1153 1764 virtutis
1181 1700 1264 1765 duae
1297 1724 1348 1765 res
1378 1702 1532 1766 diversae
1565 1712 1595 1767 et

454 1805 537 1866 inter
558 1825 592 1865 se
614 1801 790 1867 dissimiles
806 1811 1020 1887 congruentes
1036 1804 1085 1865 uti
1108 1804 1269 1890 principia
1291 1805 1423 1892 pariunt
1446 1828 1500 1868 eos
1523 1827 1594 1892 per-

453 1906 574 1986 lectus,
603 1927 669 1967 una
691 1905 848 1990 porrecti,
879 1926 976 1989 quam
999 1903 1119 1967 Graeci
1143 1911 1282 1969 ευθειαν
1305 1907 1467 1987 vocitant,
1492 1906 1594 1972 altera

453 2007 681 2088 rotunditatis,
717 2029 813 2092 quam
848 2004 966 2068 Graeci
1001 2009 1178 2089 κυκλωτην
1211 2006 1390 2093 appellant,
1425 2007 1594 2072 sed‘vero

454 2131 559 2194 neque
582 2110 651 2171 sine
673 2107 874 2172 rotunditate
895 2116 1002 2171 motus
1032 2111 1172 2194 porrecti
1199 2131 1259 2172 nec
1280 2111 1350 2172 sine
1372 2119 1523 2195 porrecto
1545 2134 1593 2173 ro-

405 2230 435 2276 15
455 2212 586 2275 tationis
617 2210 817 2273 versationes
845 2230 979 2272 oncrum
1012 2220 1148 2295 possunt
1179 2211 1287 2273 facere
1321 2209 1512 2275 levationes.
1562 2211 1594 2274 id
1622 2234 1625 2238 ’

454 2322 562 2375 autem
586 2321 621 2374 ut
644 2310 852 2394 intellegatur
875 2333 1047 2397 exponam.
1097 2312 1295 2376 inducuntur
1318 2313 1366 2377 uti
1389 2324 1502 2377 centra
1525 2314 1625 2376 axi-2

455 2413 518 2476 culi
547 2415 581 2475 in
604 2406 765 2475 orbiculos
794 2421 825 2475 et
853 2413 886 2475 in
916 2412 1046 2477 trocleis
1070 2413 1296 2495 conlocantur,
1325 2437 1383 2501 per
1405 2438 1487 2502 quos
1511 2415 1594 2479 orbi-

455 2513 543 2578 culos
577 2512 664 2577 funis
699 2516 915 2578 circumactus
950 2515 1083 2579 directis
1118 2515 1328 2580 ductionibus
1357 2525 1388 2580 et
1421 2518 1455 2580 in
1485 2517 1596 2581 sucula

455 2615 639 2681 conlocatus
669 2618 813 2680 vectium
842 2617 1082 2681 versationibus
1111 2640 1244 2681 onerum
1272 2619 1352 2682 facit
1381 2641 1532 2704 egressus
1562 2621 1596 2681 in

402 2737 436 2784 ao
454 2718 566 2782 altum.
612 2721 704 2784 cuius
733 2717 865 2781 suculae
888 2719 1036 2781 cardines
1059 2721 1107 2783 uti
1131 2729 1242 2784 centra
1269 2722 1410 2806 porrecti
1432 2721 1466 2782 in
1490 2720 1594 2784 chelo-

453 2822 533 2904 niis,
562 2817 842 2907 foraminibusque
872 2822 940 2884 eius
965 2829 1074 2884 vectes
1103 2821 1246 2886 conclusi
1276 2822 1439 2908 capitibus
1462 2823 1505 2885 ad
1535 2823 1594 2885 cir-

454 2927 563 2988 cinum
596 2924 800 2988 circumactis
836 2925 923 2987 torni
954 2925 1081 2987 ratione
1109 2924 1273 2989 versando
1302 2924 1426 2988 faciunt
1461 2948 1595 2988 onerum

443 3028 620 3091 elationes
665 3025 937 3112 quemadmodum
961 3026 1060 3089 etiam
1087 3027 1209 3091 ferreus
1233 3028 1335 3091 vectis
1364 3050 1437 3089 curn
1462 3036 1512 3115 est
1539 3025 1594 3089 ad-

453 3142 558 3194 motus
574 3129 617 3192 ad
640 3150 734 3210 onus,
759 3127 846 3213 quod
868 3150 1022 3191 manuum
1045 3127 1221 3192 multitudo
1236 3152 1300 3194 non
1322 3138 1431 3215 potest
1452 3150 1594 3210 movere,

403 3247 435 3295 25
453 3232 621 3319 supposita
643 3232 690 3294 uti
719 3240 829 3295 centro
858 3232 939 3293 citra
968 3240 1118 3316 porrecta
1145 3232 1327 3317 pressione,
1359 3230 1447 3315 quod
1477 3229 1596 3294 Graeci

522 3458 533 3504 1
550 3455 704 3521 pterierunt
722 3452 794 3518 (-r⁹
814 3455 854 3515 H)
875 3416 1054 3518 Gqu'rteriei
1072 3455 1103 3509 L,
1121 3455 1326 3517 praeterierunt
1343 3456 1374 3510 le.
1392 3456 1440 3503 sed
1459 3455 1493 3503 6⁶
1510 3454 1595 3519 petie-

453 3539 535 3602 runt).
551 3536 563 3604 ΙΙ
580 3542 594 3588 2
615 3540 669 3588 suit
687 3539 770 3587 Man:
791 3539 884 3587 suerat
903 3536 1021 3603 (111113
1039 3536 1183 3603 reliquisse
1203 3536 1225 3587 dt
1243 3539 1283 3602 (et
1302 3538 1333 3600 G)
1354 3542 1474 3588 crustam
1496 3538 1518 3588 G
1537 3536 1592 3600 (leb

453 3638 604 3705 reliquiss&
623 3642 743 3689 crustam
762 3639 789 3686 H
807 3621 973 3704 (reliquisset
993 3642 1111 3689 crustam
1130 3639 1174 3702 L).
1199 3637 1211 3707 ll
1233 3639 1449 3691 succreverunt
1468 3635 1539 3701 (—r⁹
1557 3639 1592 3696 11)

453 3726 479 3776 ei
498 3730 537 3776 et:
557 3727 594 3774 sic
613 3724 671 3773 GH.
693 3720 706 3788 ll
729 3726 904 3772 mutaverunt
922 3728 954 3772 ut
977 3739 1025 3787 pro
1043 3724 1100 3774 «loc.
1121 3721 1208 3787 (ree.):
1234 3740 1266 3772 m.
1290 3740 1337 3789 pro
1361 3724 1419 3787 (om.
1438 3723 1481 3789 ut)
1502 3724 1559 3775 GH.
1587 3721 1590 3784 l

413 3853 415 3858 .
452 3814 468 3861 8
486 3815 595 3860 tenetur
613 3809 666 3859 GH
682 3806 724 3871 (L,
743 3810 883 3857 teneretur
900 3806 943 3871 te).
964 3804 976 3873 11
998 3810 1029 3858 10
1049 3824 1162 3872 quarum
1174 3809 1252 3859 Pleu:
1273 3811 1357 3872 quoni
1374 3808 1431 3859 GH.
1454 3803 1465 3874 ll
1485 3808 1591 3859 virtutis

452 3909 512 3961 epo:
531 3899 607 3944 —tes
625 3894 684 3943 GH.
701 3889 713 3958 ΙΙ
731 3894 759 3941 11
780 3892 927 3942 dissimiles
945 3895 987 3942 uti
1007 3892 1059 3954 (uti
1072 3896 1121 3944 del.
1142 3892 1228 3955 Selia.)
1248 3897 1433 3956 congruentes
1451 3892 1492 3941 uti
1508 3892 1581 3950 GH!

453 3982 564 4046 pariunt
588 3995 634 4030 eos
662 3978 769 4042 efectus
797 3975 886 4039 (-tos
910 3975 941 4042 G)
967 3977 1025 4030 GH.
1053 3973 1065 4044 11
1094 3980 1124 4027 12
1147 3993 1201 4026 una
1225 3978 1295 4026 Mar.
1321 3978 1412 4039 (uuum
1431 3977 1516 4040 daed:
1544 3977 1591 4024 uni

454 4068 512 4116 tiH.
536 4061 548 4130 [1
572 4064 710 4114 eutheiam
731 4062 790 4115 GH.
814 4059 825 4128 ΙΙ
845 4062 948 4115 altera:
966 4065 1005 4113 sie
1024 4063 1082 4114 GH.
1107 4060 1119 4127 ΙΙ
1142 4063 1233 4112 altera
1252 4062 1431 4111 rotunditatis
1449 4061 1531 4111 Loca:
1556 4060 1590 4109 al-

452 4158 513 4200 tera
532 4148 740 4199 rotutunditstis
760 4147 793 4205 G,
814 4146 1083 4197 alteratutunditatis
1103 4147 1130 4195 H
1148 4145 1249 4209 (altera
1268 4146 1446 4196 tutunditatis
1465 4150 1474 4195 1
1492 4153 1516 4195 et
1535 4152 1591 4194 ante

452 4287 528 4343 cora
538 4270 569 4328 L,
588 4268 631 4318 nbi
646 4268 696 4318 sie:
716 4238 915 4331 tl-titunditatis).
939 4263 951 4330 ll
974 4268 1004 4315 13
1025 4265 1152 4328 cycloten
1170 4268 1210 4317 ed.
1231 4266 1280 4329 (qr.
1299 4263 1384 4328 doe.):
1411 4264 1553 4327 cycletoen
1572 4262 1592 4312 G

452 4352 526 4417 (Μ),
555 4353 692 4416 eyeldsoen
719 4354 749 4402 H
776 4351 921 4415 (cyclaoen
945 4357 972 4399 ut
993 4350 1093 4399 videtur
1115 4356 1174 4399 ante
1201 4366 1253 4399 ras.
1278 4350 1314 4411 L,
1344 4349 1489 4413 cycleteon
1517 4347 1558 4413 tc).
1578 4345 1589 4413 Il

456 4440 485 4487 15
504 4453 627 4487 onerum:
653 4442 747 4488 eorum
764 4437 793 4485 eb
816 4442 841 4484 ct
858 4443 917 4485 ante
934 4436 983 4499 ips.
1003 4450 1071 4484 corr.
1091 4437 1106 4482 1.
1129 4432 1140 4500 ΙΙ
1165 4436 1195 4483 16
1215 4434 1318 4484 axiculi
1338 4433 1388 4483 GH
1407 4433 1477 4494 (121⁶,
1502 4432 1591 4482 asculi

453 4523 501 4580 tet,
522 4521 597 4571 axuli
613 4521 661 4586 lc).
682 4518 694 4587 ss
718 4523 748 4570 11
767 4516 886 4577 orbiilos
909 4527 1055 4570 (tatemer.
1076 4520 1105 4571 G.
1129 4518 1140 4584 11
1163 4522 1195 4569 20
1214 4516 1308 4583 cse(oe
1324 4517 1442 4582 G)loniis
1466 4518 1517 4567 GH
1537 4513 1591 4579 (ce-

435 4605 534 4655 'loniis
552 4609 581 4667 te,
603 4605 735 4655 cheloniis
753 4603 817 4668 aa).
841 4600 852 4671 ΙΙ
875 4607 908 4653 22
932 4619 1045 4654 onerum
1061 4605 1129 4654 doe:
1158 4603 1250 4653 oneris
1270 4602 1328 4654 GH.
1351 4598 1362 4667 ΙΙ
1386 4604 1418 4652 23
1443 4600 1590 4652 elationes:

452 4690 567 4739 Ι1101111.
591 4686 603 4755 ΙΙ
623 4692 712 4742 vectis
733 4690 766 4740 G:
785 4694 861 4740 -tes
879 4689 911 4738 H
927 4688 1006 4752 (cre).
1031 4686 1042 4755 ΙΙ
1065 4691 1097 4740 25
1117 4688 1171 4739 cito
1191 4687 1244 4737 GH
1259 4685 1342 4752 (eitra
1360 4686 1451 4747 Mac).
1513 4743 1514 4747 Ἰ

1341 4929 1356 4955 Ι
