3984 5825
395 656 455 721 188
767 687 770 690 ·
882 669 1040 751 vrrnuvu

393 847 540 901 exurere.
573 824 811 913 intervallaque
832 825 990 889 montium
1012 825 1154 888 maxime
1175 826 1338 912 recipiunt
1357 825 1486 890 imbres
1510 833 1582 889 etr

392 936 525 1016 propter
552 925 709 991 silvarum
737 927 945 991 crebritatem
977 925 1082 990 nives'
1099 925 1142 990 ab
1169 926 1294 991 umbris
1321 926 1478 992 arborum
1509 935 1545 990 et

392 1029 550 1094 montium
572 1027 620 1092 ibi
643 1028 765 1093 diutius
788 1037 1033 1110 conservantur,
1057 1027 1175 1092 deinde
1197 1026 1340 1116 liquatae
1355 1051 1414 1116 per
1429 1037 1544 1093 terrae

392 1153 503 1194 venas.
515 1130 722 1216 percolantur
744 1140 776 1195 et
797 1131 844 1195 ita
865 1132 1063 1216 perveniunt
1088 1129 1132 1193 ad
1153 1130 1281 1194 infimas
1303 1131 1465 1195 montium
1487 1124 1542 1194 ia·
1589 1157 1597 1172 κ

357 1233 492 1316 odices,
516 1254 559 1295 ex
580 1232 699 1319 quibus
721 1231 917 1320 profluentes
939 1231 1079 1296 fontium
1102 1241 1276 1318 erumpunt
1288 1241 1412 1297 ructus.
1451 1255 1540 1296 cam·
1612 1253 1616 1257 ’

392 1333 558 1423 pestribus
581 1343 689 1398 autem
711 1332 791 1399 locis
813 1333 976 1399 contrario
1004 1356 1071 1398 non
1098 1343 1235 1420 possunt
1263 1332 1385 1399 habere
1412 1336 1540 1422 copias.

391 1459 467 1501 nam
501 1457 725 1522 quaecumque
762 1445 837 1500 sunt
870 1458 935 1500 non
967 1443 1106 1522 possunt
1144 1433 1263 1500 habere
1296 1434 1540 1519 salubritatem,

332 1582 334 1586 -
392 1538 478 1626 quod
514 1536 593 1602 solis
622 1537 796 1601 vehemens
832 1538 972 1624 impetus
1009 1545 1143 1624 propter
1176 1535 1300 1601 nullam
1336 1538 1540 1604 obstantiam

391 1638 579 1705 umbrarum
607 1639 705 1726 eripit
727 1638 949 1703 exhauriendo
971 1638 1103 1702 fervens
1127 1660 1169 1702 ex
1190 1637 1326 1726 planitie
1348 1661 1540 1728 camporum

343 1755 373 1803 10
391 1763 545 1823 umorem,
570 1749 602 1805 et
624 1742 653 1804 si
676 1762 758 1826 quae
780 1750 856 1805 sunt
876 1763 980 1828 aquae
1001 1749 1212 1828 apparentes,
1236 1762 1279 1804 ex
1301 1741 1352 1806 his
1375 1741 1464 1828 quod
1487 1750 1541 1805 est

340 1844 348 1861 ‘
389 1843 593 1908 levissimum
614 1843 906 1929 tenuissimumque
928 1851 961 1906 et
983 1841 1097 1906 subtili
1118 1841 1310 1907 salubritate
1323 1864 1539 1908 aeravocans

391 1946 530 2032 dissipat
551 1945 587 2008 in
607 1944 767 2031 impetum
794 1944 876 2009 caeli
905 1965 1051 2031 quaeque
1077 1945 1294 2029 gravissimae
1315 1943 1482 2031 duraeque
1506 1953 1540 2009 et

389 2049 543 2112 insuaves
566 2054 642 2110 sunt
663 2055 783 2133 partes,
807 2068 863 2110 eae
880 2047 915 2109 in
931 2043 1077 2110 fontibus
1092 2046 1330 2134 campestribus
1345 2045 1537 2134 relinquun-

340 2162 367 2211 11
388 2159 452 2214 tur.
502 2148 612 2234 itaque
642 2168 725 2234 quae
752 2168 795 2211 ex
826 2146 987 2212 imbribus
1021 2169 1106 2234 aqua
1139 2148 1304 2234 colligitur
1336 2147 1570 2222 salubrioresl

340 2265 372 2314 to
389 2245 488 2315 habet
510 2250 661 2331 virtutes,
685 2250 772 2335 quod
795 2248 928 2334 eligitur
941 2271 993 2313 ¹eu
1015 2248 1164 2314 omnibus
1187 2250 1332 2317 fontibus
1355 2250 1538 2315 levissimis

390 2350 629 2436 subtilibusque
657 2340 889 2431 tenuitatibus,
919 2350 1039 2414 deinde
1066 2373 1125 2437 per
1152 2354 1236 2416 aeris
1265 2353 1538 2417 exercitationem

389 2452 552 2542 percolata
564 2451 813 2537 tempestatibus
828 2450 1038 2537 liquescendo
1053 2456 1204 2540 pervenit
1214 2453 1257 2518 ad
1268 2463 1398 2522 terram.
1420 2455 1538 2518 etiam-

389 2576 452 2642 que
473 2576 540 2619 non
561 2550 719 2617 crebriter
742 2554 776 2616 in
798 2555 922 2640 campis
946 2554 1113 2619 confluunt
1134 2555 1255 2621 imbres
1277 2556 1392 2620 sedin
1414 2557 1537 2621 monti·

390 2657 451 2722 bus
473 2665 529 2720 aut
549 2654 593 2719 ad
615 2655 703 2741 ipsos
727 2663 869 2740 montes,
891 2655 967 2720 ideo
990 2655 1078 2742 quod
1099 2679 1228 2722 umores
1251 2679 1294 2722 ex
1319 2666 1408 2722 terra
1427 2667 1536 2722 matu-

338 2775 372 2823 20
388 2760 458 2824 tino
480 2757 558 2823 solis
581 2764 654 2828 ortu
667 2757 746 2821 moti
762 2779 835 2821 cum
851 2767 927 2822 sunt
949 2759 1088 2843 egressi,
1111 2759 1146 2823 in
1160 2780 1385 2846 quamcunque
1406 2769 1538 2846 partem

390 2860 471 2926 caeli
500 2869 576 2926 sunt
601 2857 791 2945 proclinati,
819 2858 956 2926 trudunt
981 2882 1075 2945 aera,
1104 2859 1222 2926 deinde
1249 2883 1322 2927 cum
1348 2870 1425 2926 sunt
1453 2862 1537 2927 moti

388 2973 520 3052 propter
542 2962 741 3027 vacuitatem
762 2960 825 3026 loci
847 2973 923 3050 post
944 2984 980 3027 se
993 2964 1156 3050 recipiunt
1176 2965 1262 3029 aeris
1275 2965 1399 3028 ruentis
1413 2962 1536 3027 undas.

388 3088 444 3130 aer
465 3074 574 3130 autem
594 3064 651 3149 qui
672 3064 738 3126 ruit
759 3063 895 3128 trudens
911 3086 1114 3151 quocumque
1134 3088 1279 3129 umorem
1292 3086 1359 3152 per
1373 3067 1443 3129 vim
1466 3067 1571 3152 spi-2

387 3170 471 3233 ritus
498 3168 639 3253 impetus
662 3173 694 3228 et
714 3165 820 3230 undas
843 3175 1024 3230 crescentes
1053 3167 1132 3231 facit
1153 3176 1336 3232 ventomm.
1379 3188 1400 3230 a
1421 3167 1536 3232 ventis

337 3285 370 3334 aa
388 3278 498 3335 autem
525 3286 729 3356 quocumque
755 3266 905 3332 feruntur
930 3288 1059 3332 umores
1090 3268 1277 3354 conglobati
1309 3290 1351 3332 ex
1384 3268 1535 3334 fontibus

458 3521 470 3568 l
490 3520 708 3586 intervallaque:
734 3525 773 3574 stc
796 3525 881 3575 EGH.
904 3520 916 3592 l}
938 3524 1048 3576 umbres
1070 3528 1102 3576 lc.
1126 3521 1139 3591 ΙΙ
1163 3526 1276 3577 tuiras
1295 3527 1330 3578 ab
1344 3527 1535 3580 ...montium

389 3603 442 3653 ibi:
460 3608 497 3654 σίσ
516 3606 601 3660 EGH,
622 3603 635 3673 ΙΙ
657 3607 767 3657 umbres
785 3615 844 3658 ante
861 3625 930 3662 corr.
949 3610 985 3659 H.
1008 3605 1021 3674 ΙΙ
1043 3611 1059 3659 4
1077 3607 1221 3659 adinfimas
1239 3610 1317 3661 EGH
1329 3608 1372 3674 (L,
1386 3610 1536 3662 abinfimas

334 3711 338 3716 ·
388 3689 427 3751 cle,
447 3690 598 3742 aoirnfimas
616 3700 675 3742 ante
693 3708 761 3742 corr.
781 3692 808 3757 l).
828 3688 871 3757 115
889 3690 984 3744 ructus
996 3693 1046 3744 EG
1063 3692 1121 3757 (aed
1133 3694 1167 3743 60
1184 3696 1211 3744 in
1222 3711 1301 3760 uturp.
1319 3693 1332 3745 i
1348 3694 1379 3745 al
1397 3694 1533 3758 fruetus)=

390 3773 496 3824 fructus
513 3777 545 3825 H
561 3773 640 3843 (hle).
665 3773 677 3841 ΙΙ
700 3776 900 3841 campestribus
924 3781 1016 3829 autem
1034 3778 1103 3829 locis
1127 3779 1280 3831 contrario:
1302 3781 1340 3829 sic
1364 3780 1452 3830 EGH.
1475 3775 1488 3843 ll
1517 3782 1533 3829 'l

387 3853 452 3908 nam
476 3873 675 3926 quaecumque:
702 3863 740 3911 stc
765 3860 844 3910 EGH
872 3859 1062 3927 (namquotqua
1083 3862 1193 3919 EG⁶L⁶l
1216 3878 1332 3927 cumque
1353 3863 1416 3928 Ea,
1438 3878 1534 3928 namq3

389 3957 477 4009 cumq3
501 3945 531 3994 H
550 3943 630 4010 (Ll'c).
657 3941 677 4012 ΙΙ,
697 3947 730 3997 10
750 3946 863 3996 humore
885 3950 918 3997 lc.
946 3943 958 4013 ΙΙ
986 3961 1056 4011 quae
1079 3950 1155 3997 sunt:
1183 3950 1221 3998 stc
1242 3947 1328 4001 ΕΘΗ.
1352 3945 1364 4014 ΙΙ
1391 3963 1534 4014 apparan-

388 4032 431 4078 tes
451 4030 485 4078 H.
509 4025 521 4095 ΙΙ
544 4032 574 4079 11
595 4046 643 4082 aar
661 4046 783 4082 avocans
801 4024 1067 4084 Jonz'aeravoeans
1087 4032 1121 4090 H,
1141 4047 1208 4082 aera
1224 4047 1329 4084 vocans
1348 4032 1397 4083 EG
1415 4030 1494 4097 (Llc).
1517 4031 1531 4097 ll

390 4113 421 4162 12
444 4114 548 4178 impetu
572 4110 618 4177 (ex
634 4114 710 4181 -tr'r)
735 4117 779 4168 60.
802 4112 814 4182 ΙΙ
842 4129 951 4182 quaque
973 4115 1036 4166 EG:
1063 4130 1146 4182 quaq3
1168 4116 1196 4166 H
1219 4115 1265 4180 (Lt
1285 4124 1312 4168 et
1333 4124 1392 4167 ante
1412 4132 1483 4168 corr.
1508 4134 1532 4177 σ,

388 4212 511 4263 quaeque
525 4198 589 4263 cca).
605 4195 618 4268 ll
633 4203 664 4251 13
677 4216 728 4251 eae
742 4201 821 4252 EGH
832 4198 896 4263 (hae
908 4197 976 4264 Llc).
992 4196 1007 4266 ll
1022 4200 1144 4253 fontibus
1156 4202 1218 4255 EG:
1231 4202 1369 4255 frontibus
1381 4202 1409 4251 H
1421 4199 1503 4265 (blo).
1516 4199 1529 4261 ll

389 4283 421 4331 15
438 4283 555 4333 virtutes
574 4286 658 4348 qnod:
676 4288 714 4337 σίσ
732 4286 818 4349 EGH.
840 4281 853 4351 ΙΙ
877 4287 909 4335 16
926 4284 1029 4335 deinde
1043 4312 1076 4321 —
1090 4286 1299 4353 tempestatibus
1317 4303 1364 4337 om.
1390 4286 1421 4335 Ε.
1444 4281 1457 4350 ll
1479 4301 1532 4351 per

389 4384 461 4433 aeris
485 4386 506 4436 θ
528 4384 624 4454 (Melz
652 4388 757 4452 pararis
783 4394 843 4438 ante
864 4402 933 4437 corr.
956 4386 988 4436 H
1008 4373 1124 4454 (perfetis
1154 4391 1206 4448 Hc,
1238 4391 1304 4440 unde
1330 4388 1438 4452 pararis
1469 4395 1531 4438 ante

389 4483 457 4518 corr.
481 4469 525 4536 L).
555 4467 567 4538 ΙΙ
594 4474 627 4522 20
649 4473 715 4522 moti
738 4487 798 4522 cum
825 4471 904 4522 EGH
923 4469 973 4547 (L,
1002 4472 1137 4523 modicum
1158 4471 1202 4538 ἱσ).
1230 4470 1242 4540 ΙΙ
1270 4487 1441 4540 quacumque
1469 4479 1532 4523 ante

388 4566 457 4604 corr.
476 4554 501 4603 Ε
518 4554 558 4620 (l).
582 4552 595 4622 ΙΙ
615 4557 648 4605 22
666 4557 771 4607 ruentis
789 4572 847 4621 epo:
875 4559 987 4608 ruentes
1011 4558 1096 4609 EGH.
1117 4554 1181 4625 {123
1200 4558 1313 4623 spiritns
1330 4558 1462 4622 impetus:
1492 4559 1533 4607 stc

388 4635 474 4688 ΕΘΗ.
495 4634 508 4705 ΙΙ
527 4640 561 4691 25
578 4641 706 4691 feruntur
721 4640 839 4693 E⁶G⁶H⁰
856 4639 937 4706 (Llc):
956 4641 1099 4694 sarriuntur
1115 4649 1175 4694 ante
1192 4658 1260 4693 carr.
1280 4643 1315 4706 H,
1333 4643 1458 4693 ferentur
1469 4649 1532 4693 ante

388 4733 458 4774 corr.
476 4722 533 4778 EG.
