3984 5825
686 685 732 732 ns
754 684 1020 733 sncnrrseruus
1043 685 1112 732 mn.
1137 686 1173 731 rr.
1455 670 1498 734 45

356 841 389 903 in
412 838 493 902 locis
516 839 622 919 tectis,
647 839 808 902 sustinent
830 837 984 920 laborem,
1009 839 1036 901 si
1059 846 1166 901 autem
1190 839 1224 900 in
1244 840 1365 923 apertis
1389 847 1421 901 et
1443 861 1498 924 pa-
1552 814 1563 832 ⁶

357 939 520 1022 tentibus,
543 938 707 1024 gelicidiis
731 950 763 1004 et
784 941 900 1024 pruina
923 947 1077 1023 congesta
1100 938 1238 1002 friantur
1260 947 1292 1001 ct
1314 937 1498 1002 dissolvun-

354 1050 416 1106 tur.
448 1042 527 1105 item
543 1040 721 1104 secundum
743 1063 832 1105 oram
854 1040 1051 1103 maritimam
1073 1040 1115 1103 ab
1138 1039 1301 1124 salsugine
1324 1062 1422 1103 exesa
1437 1040 1499 1103 dif-

355 1143 460 1216 fluunt
475 1164 581 1229 neque
596 1141 764 1229 perferunt
785 1151 906 1205 aestus.
951 1140 1125 1205 Tiburtina
1148 1164 1224 1206 vero
1241 1153 1272 1207 et
1288 1163 1370 1228 quae
1386 1141 1499 1204 eodem

354 1266 474 1328 genere
507 1253 583 1308 sunt
616 1244 724 1307 emnia
746 1243 904 1307 sufferunt
931 1253 963 1306 et
990 1242 1033 1306 ab
1056 1242 1208 1307 oneribus
1232 1252 1264 1306 ct
1285 1265 1305 1305 a
1327 1252 1499 1328 tempesta·
1518 1254 1533 1301 5

354 1344 443 1409 tibus
472 1346 626 1426 iniurias,
657 1343 714 1408 sed
742 1344 784 1407 ab
816 1345 885 1429 igni
907 1366 972 1409 non
994 1344 1131 1429 possunt
1154 1365 1225 1409 csse
1247 1353 1317 1407 tuta
1340 1343 1500 1428 simulque

355 1456 431 1512 sunt
458 1446 502 1510 ab
529 1468 567 1511 eo
594 1454 681 1510 taeta
704 1445 871 1510 dissiliunt
900 1455 931 1510 ct
959 1444 1177 1531 dissipantur,
1207 1445 1282 1509 ideo
1311 1444 1396 1530 quod
1419 1454 1499 1507 tenr-

354 1558 506 1632 peratura
537 1545 678 1612 naturali
713 1569 815 1634 parvo
848 1557 923 1611 sunt
956 1569 1068 1611 umore
1094 1548 1237 1632 itemque
1270 1568 1336 1609 non
1362 1543 1500 1608 multum

354 1649 476 1714 habent
505 1650 625 1713 terreni
653 1648 712 1712 sed
739 1648 822 1712 aeris
846 1647 1023 1734 plurimum
1046 1658 1078 1712 ct
1100 1651 1197 1732 ignis.
1247 1640 1350 1732 ig⁸itur
1372 1669 1444 1709 curn
1468 1656 1500 1710 et

354 1772 447 1815 umor
463 1760 495 1815 et
510 1759 675 1815 terrenum
697 1751 731 1814 in
753 1751 804 1814 his
826 1752 934 1814 minus
957 1751 1052 1830 inest,
1076 1753 1146 1813 tum
1169 1751 1266 1812 etiam
1289 1750 1386 1832 ignis,
1409 1756 1499 1810 tactu
1518 1760 1550 1807 10

355 1861 387 1915 et
415 1853 451 1916 vi
472 1853 604 1938 vaporis
627 1874 669 1917 ex
691 1853 719 1916 is
741 1873 816 1915 aare
837 1851 967 1936 fugato,
996 1852 1126 1938 ponitus
1149 1852 1322 1936 insequens
1347 1859 1378 1912 et
1400 1849 1498 1911 inter·
1556 1890 1565 1899 -

354 1954 525 2018 veniorum
555 1954 736 2018 vacuitates
759 1975 919 2040 occupans
942 1953 1097 2018 fervescit
1120 1963 1151 2016 et
1174 1950 1275 2015 efficit
1299 1973 1337 2014 ea
1359 1952 1426 2015 suis
1448 1972 1498 2013 ar-

320 2044 467 2119 adentia
495 2054 684 2142 corporibus
712 2054 842 2119 similia.
893 2065 967 2119 sunt
990 2077 1068 2118 voro
1092 2055 1171 2118 item
1193 2052 1390 2139 lapidicinae
1413 2075 1497 2117 com-

355 2155 464 2242 plures
493 2156 529 2218 in
554 2156 674 2221 finibus
697 2156 1000 2243 Tarquiniensium,
1030 2178 1112 2242 quae
1135 2158 1286 2220 dicuntur
1307 2155 1498 2235 Anicianae,

355 2256 461 2321 colore
477 2257 748 2342 quemadmodum
763 2257 928 2342 Albanae,
952 2279 1087 2345 quamm
1103 2257 1253 2322 officinae
1268 2258 1409 2321 maxime
1425 2263 1499 2319 sunt
1519 2268 1550 2317 la

355 2360 441 2422 circa
456 2357 562 2449 lacum
576 2357 835 2442 Volsiniensem,
859 2361 937 2424 item
953 2359 1158 2445 praefectura
1174 2358 1385 2424 Statoniensi.
1419 2356 1500 2420 haee

354 2469 462 2524 autem
485 2459 606 2525 habent
627 2460 770 2525 infinitas
794 2462 942 2526 virtutes.
985 2484 1091 2547 nequo
1114 2461 1200 2524 eninr
1222 2461 1250 2524 is
1273 2458 1499 2545 gelicidiorum

354 2569 532 2648 tempestas
554 2583 659 2648 neque
680 2563 766 2647 ignis
789 2573 894 2627 tactus
917 2573 1026 2650 potest
1048 2584 1178 2644 nocere,
1207 2561 1265 2625 sod
1289 2558 1364 2625 sunt
1386 2560 1498 2622 firmae

354 2673 387 2727 et
419 2663 461 2726 ad
493 2671 687 2729 vetustatem
721 2665 794 2728 ideo
827 2675 1053 2752 permanentes
1081 2664 1166 2750 quod
1195 2686 1309 2750 parum
1337 2662 1498 2726 habento

354 2774 491 2829 naturae
523 2766 681 2830 mixtione
713 2768 798 2830 acris
832 2777 863 2830 et
891 2767 999 2851 ignis,
1032 2767 1154 2829 umoris
1183 2776 1291 2828 autem
1320 2772 1498 2849 temperate
1516 2776 1548 2823 ao

354 2866 594 2955 plurimumque
622 2869 753 2933 terreni.
803 2869 849 2933 ita
878 2867 990 2954 spissis
1019 2866 1316 2954 comparationibus
1339 2865 1497 2929 solidatae

353 2991 460 3056 neque
474 2969 516 3034 ab
531 2972 782 3056 tempestatibus
803 2992 908 3056 neque
930 2969 972 3033 ab
994 2970 1081 3053 ignis
1104 2967 1309 3031 vehementia
1330 2976 1496 3029 nocentur.

319 3070 390 3134 sid
422 3080 531 3135 autem
563 3073 705 3136 maxime
738 3071 883 3136 iudicare
910 3071 986 3134 lieet
1018 3092 1035 3132 e
1067 3070 1283 3134 monumentis
1312 3088 1394 3152 quae
1422 3074 1497 3129 sunt

308 3238 315 3252 ,
356 3173 442 3237 cirea
471 3174 684 3258 municipium
706 3173 839 3238 Ferenti
868 3195 910 3238 ox
932 3172 982 3236 his
1007 3172 1094 3235 facta
1116 3170 1313 3256 lapidicinis.
1357 3189 1496 3254 namque
1582 3245 1589 3282 Δ

355 3355 583 3363 ——.—-—-—

425 3467 438 3513 1
457 3466 596 3516 sustinent
617 3465 688 3516 loce
716 3466 874 3515 sustineant
894 3465 952 3517 GII.
976 3462 988 3531 Η
1011 3468 1026 3514 2
1046 3468 1191 3528 congesta:
1210 3465 1248 3513 sic
1267 3463 1317 3512 GH
1335 3458 1413 3526 (er,
1434 3477 1496 3512 eon·

355 3549 428 3599 issta
446 3548 477 3615 1).
501 3545 514 3616 Η
536 3550 655 3600 friantur
672 3555 731 3599 ante
754 3566 822 3600 corr.
846 3549 886 3598 II:
912 3550 1047 3599 fricantur
1067 3549 1131 3597 6110
1155 3546 1232 3613 (Lis).
1254 3543 1266 3614 Η
1288 3550 1304 3597 3
1323 3561 1398 3597 oram
1416 3547 1497 3595 mari-

356 3634 451 3684 timam
471 3632 524 3697 (f):
544 3648 593 3684 ora
611 3636 749 3684 maritima
768 3635 818 3683 GH
837 3634 931 3696 (na-t).
955 3630 968 3698 Η
995 3647 1078 3684 exesa
1097 3634 1196 3685 11111.
1215 3628 1290 3695 (Vct.
1310 3635 1335 3682 2.
1355 3634 1377 3683 6.
1397 3632 1436 3681 rt.
1456 3632 1496 3691 2J:

357 3734 389 3767 ex
408 3734 442 3768 ec
462 3717 520 3769 GH.
541 3713 554 3785 Η
576 3718 744 3783 osimulque
762 3723 793 3766 111
811 3723 876 3768 sunt
894 3718 926 3770 L.
953 3714 965 3783 Η
982 3720 1005 3767 ’7
1025 3722 1102 3767 tacta
1120 3718 1148 3765 11
1166 3715 1235 3779 (Ll):
1261 3720 1337 3766 tecta
1362 3717 1383 3765 G
1406 3714 1466 3779 (111).
1483 3709 1495 3780 Η

356 3801 506 3853 dissiluunt
523 3809 583 3853 ante
600 3819 655 3853 ras.
675 3804 704 3853 G.
728 3799 741 3868 Η
769 3802 960 3868 aplurimum:
983 3802 1100 3866 primum
1122 3808 1181 3852 unte
1203 3815 1272 3851 cerr.
1293 3802 1328 3852 11.
1351 3796 1364 3864 Η
1392 3801 1423 3849 lo
1442 3805 1496 3848 ter·

355 3901 450 3935 renum
469 3888 525 3937 est:
545 3902 628 3938 -nus
648 3888 706 3940 GH.
731 3883 743 3954 Η
767 3890 797 3937 11
816 3888 854 3935 is:
878 3886 920 3935 his
941 3886 998 3935 GH.
1023 3882 1035 3951 Η
1062 3886 1209 3949 insequens
1234 3890 1261 3934 et
1283 3884 1496 3933 interveniorum

357 3971 428 4023 doe:
447 3972 612 4036 insequens
631 3968 854 4032 interlvenarum
874 3969 924 4019 GII
943 3968 1080 4036 (uterque).
1109 3967 1121 4035 Η
1150 3972 1181 4018 12
1201 3986 1234 4020 ea
1252 3971 1309 4018 suis
1326 3969 1395 4017 doaz
1420 3967 1495 4015 esuis

358 4055 416 4108 GH.
445 4052 457 4122 Η
487 4057 520 4105 14
542 4057 768 4121 tarquiniensium
794 4055 824 4108 G.
853 4050 865 4120 Η
894 4056 925 4104 15
953 4069 1067 4117 quarum
1091 4057 1132 4106 erl.
1160 4054 1236 4103 Vera:
1265 4066 1378 4118 quorum
1403 4050 1459 4098 GH.
1482 4044 1493 4112 Η

359 4142 390 4190 16
418 4139 482 4190 locu
518 4148 577 4191 ante
603 4157 671 4193 corr.
700 4141 729 4191 θ.
757 4137 769 4207 Η
796 4139 994 4190 volsiniensem
1028 4140 1085 4190 GH.
1112 4135 1124 4204 Η
1152 4137 1317 4189 statoniensi
1343 4137 1384 4185 ed.
1416 4134 1495 4182 Vera:

356 4226 470 4275 -nonsi
495 4224 554 4275 GH.
584 4222 596 4291 Η
623 4225 709 4275 haee:
735 4228 773 4274 sie
801 4224 863 4291 (hee
883 4226 915 4288 G)
941 4225 999 4274 611.
1028 4221 1040 4289 Η
1069 4226 1099 4272 17
1124 4225 1161 4272 is:
1189 4223 1231 4272 lris
1252 4221 1309 4270 GH.
1335 4215 1346 4285 Η
1375 4219 1405 4267 18
1424 4217 1495 4281 ignis

357 4313 447 4359 taetus
466 4309 495 4357 H
513 4307 598 4370 (Lle):
618 4313 710 4359 tactus
723 4310 796 4374 ignis
816 4311 845 4359 (ι’,
867 4305 879 4375 Η
900 4309 999 4359 18-12
1019 4309 1067 4358 sed
1080 4312 1143 4357 sunt
1155 4307 1248 4356 firmae
1335 4316 1495 4368 permanen-

357 4398 398 4442 tes
484 4392 589 4443 hobent
676 4393 812 4444 solidatae
897 4393 1113 4443 nocentium:
1133 4392 1182 4440 sed
1201 4396 1243 4440 est
1262 4390 1331 4452 (eli)
1351 4388 1427 4436 lirrna

356 4492 520 4539 permanens
608 4477 693 4527 habet
712 4517 717 4527 .
733 4518 759 4531 ..
779 4478 965 4528 solidata...
985 4481 1098 4526 nocetur
1122 4476 1179 4525 GII.
1204 4472 1215 4538 Η
1243 4476 1273 4521 21
1295 4472 1497 4537 cooperationi·

355 4560 418 4611 bus:
453 4563 492 4611 sic
523 4562 574 4610 GH
606 4561 650 4625 (rs.
682 4580 704 4612 e.
731 4567 760 4625 9,
784 4569 808 4615 5.
834 4567 857 4613 6.
886 4564 926 4628 9);
964 4559 1201 4625 compactionibus
1234 4561 1274 4611 ed.
1298 4560 1338 4611 11.
1366 4555 1377 4623 Η
1404 4559 1436 4606 22
1460 4559 1494 4607 ab

357 4644 407 4694 GH
424 4646 520 4708 (hicec,
540 4661 556 4695 a
575 4654 635 4697 aute
653 4663 721 4696 corr.
741 4664 778 4712 1.,
802 4649 836 4697 ad
855 4654 914 4697 ante
932 4662 1000 4697 corr.
1021 4644 1048 4709 l).
1077 4640 1088 4710 Η
1115 4645 1148 4692 at
1167 4643 1280 4693 Ferenti
1304 4644 1386 4694 Mon:
1407 4643 1495 4694 feren·

355 4730 392 4780 tis
412 4729 470 4784 GH.
