3984 5825
761 668 808 714 nn
831 667 1097 716 lacrumarum
1122 671 1190 717 arn.
1207 671 1282 719 vui.
1533 657 1592 721 197

441 823 506 909 qui
524 831 571 886 est
586 821 629 885 ab
645 822 727 887 ostio
742 821 785 884 ad
806 820 896 885 milia
911 838 996 903 clix,
1019 820 1218 887 admiscetur
1232 824 1262 887 ei
1280 823 1455 890 fonticulus
1471 825 1593 914 oppido

442 947 547 1011 quam
569 921 736 1010 parvulus.
775 923 802 986 is
826 945 900 987 cum
914 924 949 986 in
965 945 1037 987 eum
1054 922 1178 1007 influit,
1201 935 1276 989 tunc
1292 934 1417 990 tantam
1431 929 1592 1013 magnitu-

442 1026 560 1090 dinem
582 1025 725 1089 fluminis
748 1023 828 1089 facit
849 1047 1009 1110 amaram,
1033 1024 1106 1090 ideo
1123 1026 1210 1112 quod
1232 1027 1339 1114 perid
1359 1050 1463 1113 genus
1486 1041 1592 1094 terrac

442 1137 480 1192 et
503 1149 603 1191 venas
625 1125 713 1193 unde
735 1126 946 1191 sandaracam
968 1127 1099 1192 fodiunt
1122 1149 1159 1192 ea
1173 1151 1258 1215 aqua
1280 1130 1442 1196 manando
1465 1132 1591 1219 perfici·

442 1239 504 1295 tur
526 1251 643 1293 amara.
1610 1248 1625 1297 5

381 1351 418 1398 ra
534 1330 626 1395 Haec
652 1338 761 1395 autem
783 1329 999 1395 dissimilibus
1023 1331 1193 1418 saporibus
1215 1355 1235 1396 a
1262 1329 1368 1398 ter'rae
1394 1335 1592 1422 proprietate

447 1430 679 1520 perficiuntur,
702 1434 751 1498 uti
767 1433 863 1498 etiam
886 1435 922 1497 in
942 1432 1106 1498 fructibus
1124 1433 1265 1499 videtur.
1311 1437 1340 1500 si
1362 1438 1448 1499 enim
1464 1437 1591 1501 radices

444 1536 601 1600 arborum
622 1542 680 1598 aut
702 1535 820 1598 vitium
842 1544 899 1598 aut
925 1534 1124 1621 reliquorum
1147 1538 1307 1601 seminum
1329 1561 1395 1603 non
1417 1559 1459 1602 ex
1486 1548 1591 1603 torrae

446 1635 703 1725 proprietatibus
726 1658 839 1700 sucum
868 1638 1026 1725 capiendo
1055 1637 1187 1701 ederent
1214 1638 1357 1721 fructus,
1386 1663 1450 1704 tmo
1472 1662 1592 1725 genere

448 1748 559 1804 essent
581 1740 615 1803 in
639 1738 787 1803 omnibus
810 1737 889 1802 locis
914 1747 946 1801 et
968 1739 1157 1824 regionibus
1180 1741 1324 1804 omnium
1347 1762 1489 1829 sapores.
1534 1743 1642 1807 sadra

447 1839 741 1906 animadvertimus
775 1838 882 1905 insula
914 1840 1023 1904 Lesbo
1057 1842 1169 1905 vinum
1202 1850 1391 1929 protropum
1398 1892 1407 1924 ,
1442 1845 1592 1908 Maeonia

447 1943 777 2026 catacccaumeniten,
793 1941 902 2031 Lydia
916 1940 1091 2025 Tmoliten,
1109 1941 1222 2008 Sicilia
1237 1943 1479 2027 Mamertinum,
1497 1945 1591 2011 Cam-

447 2048 545 2134 pania
567 2044 759 2126 Falernum,
783 2045 868 2108 inter
883 2043 1095 2107 Terracinam
1111 2054 1142 2108 et
1165 2044 1298 2109 Fundos
1316 2046 1501 2111 Caecubum
1517 2047 1590 2111 reli-

446 2149 598 2236 quisque.
612 2145 693 2212 locis
716 2143 865 2234 pluribus
894 2145 1125 2210 innumerabili
1147 2146 1357 2212 multitudine
1379 2170 1499 2233 genera
1522 2149 1590 2212 vini

445 2251 652 2337 virtutesque
674 2249 854 2336 procreari,
878 2268 961 2332 quae
976 2270 1041 2312 non
1061 2246 1157 2312 aliter
1176 2259 1312 2335 possunt
1334 2250 1405 2315 fieri
1427 2253 1492 2316 nisi
1519 2274 1592 2315 cum
1612 2264 1643 2313 15

445 2363 597 2418 terrenus
625 2371 719 2416 umor
746 2350 814 2413 suis
847 2348 1104 2436 proprietatibus
1133 2352 1257 2438 saporis
1285 2352 1320 2414 in
1347 2352 1515 2418 radicibus
1543 2355 1591 2417 sic

446 2454 577 2518 infusus
600 2452 722 2515 enutrit
749 2452 934 2533 materiam,
962 2472 1021 2538 per
1048 2473 1145 2537 quam
1168 2453 1339 2538 egrediens
1365 2454 1408 2518 ad
1438 2477 1592 2519 cacumen

446 2552 626 2644 profundat
662 2555 830 2641 proprium
862 2552 925 2617 loci
958 2562 990 2616 et
1021 2554 1151 2638 generis
1185 2557 1235 2619 sui
1271 2555 1397 2620 fructus
1431 2579 1591 2644 saporem.
1679 2543 1683 2563 ²

387 2678 426 2725 13
447 2656 537 2747 quod
558 2657 588 2720 si
609 2666 696 2719 terra
716 2655 892 2740 generibus
906 2676 1055 2719 umorum
1069 2678 1135 2720 non
1150 2666 1236 2721 esset
1251 2655 1420 2721 dissimilis
1437 2667 1469 2721 ct
1484 2657 1591 2744 dispa-

445 2769 534 2842 rata,
557 2781 623 2824 non
645 2765 771 2821 tantum
792 2759 827 2820 in
843 2756 940 2843 Syria
955 2764 987 2821 et
1002 2755 1127 2820 Arabia
1149 2757 1183 2819 in
1206 2757 1444 2823 harundinibus
1465 2768 1497 2822 et
1519 2760 1590 2822 iun-
1609 2774 1642 2820 ao

446 2863 496 2926 cis
519 2859 694 2947 herbisque
717 2858 867 2925 omnibus
890 2867 997 2925 essent
1020 2856 1134 2924 odores
1150 2879 1255 2945 neque
1269 2857 1402 2923 arbores
1425 2859 1590 2942 turiferae,

446 2985 554 3050 neque
576 2963 698 3051 piperis
722 2961 839 3027 darent
860 2962 957 3026 bacas
981 2983 1042 3026 nec
1056 2982 1185 3024 murrae
1207 2959 1390 3046 glaebulas,
1413 2982 1473 3025 nec
1489 2960 1590 3048 Cyre·

516 3258 618 3305 2111ηο
637 3255 690 3305 ΘΗ
705 3253 787 3320 (hlc):
809 3253 919 3303 tertiam
936 3252 968 3301 E.
994 3248 1007 3318 11
1029 3255 1134 3302 tantam
1153 3251 1243 3314 (tanta
1256 3250 1287 3313 Θ)
1305 3251 1524 3316 magnitudinem
1546 3251 1592 3302 ΕΘ

449 3341 542 3407 (Lcl)=
562 3344 641 3390 tanta
660 3338 750 3401 (tanta
765 3336 770 3401 Ι
786 3338 824 3400 H)
844 3336 1035 3402 magnitudino
1054 3337 1085 3385 H
1100 3335 1139 3401 (t).
1161 3332 1173 3402 11
1196 3338 1315 3387 trenas
1340 3336 1393 3387 ΘΗ
1413 3335 1495 3401 (Ltc):
1520 3352 1591 3386 vena

448 3433 509 3476 ante
526 3440 597 3477 corr.
616 3423 641 3473 Ε
656 3422 745 3487 (venae
763 3421 821 3484 Ec),
843 3417 855 3487 11
878 3421 1061 3471 sandaracam
1085 3420 1193 3469 fodiunt
1216 3419 1468 3485 Miller-Strabinp:
1491 3420 1591 3471 sanda·

449 3513 514 3561 raca
533 3507 640 3574 (-cam
657 3506 676 3571 i)
696 3504 839 3556 fodiuntur
859 3506 891 3554 H
911 3503 995 3569 (hle),
1020 3504 1176 3555 sandaraca
1195 3505 1337 3555 fodiuntur
1355 3506 1411 3556 ΕΘ.
1430 3501 1442 3572 11
1467 3520 1502 3555 ea
1521 3521 1593 3570 aqua

448 3596 517 3647 doc:
536 3593 560 3644 dr
579 3592 618 3655 (et
637 3590 668 3655 Θ)
688 3590 759 3657 aqua
777 3589 856 3641 ΕΘΗ
872 3587 982 3655 (aquam
1001 3595 1060 3639 ante
1077 3603 1146 3639 corr.
1165 3588 1224 3654 Le).
1244 3585 1256 3656 11
1281 3593 1297 3640 9
1316 3605 1424 3643 aucum:
1450 3596 1593 3640 enecante

451 3730 518 3764 corr.
538 3714 576 3772 H,
595 3699 661 3762 ancl>
680 3711 722 3759 H⁶
740 3708 817 3775 (suco
835 3709 887 3772 cl).
909 3705 922 3774 11
945 3707 1071 3760 ederent:
1090 3708 1130 3758 lie
1148 3709 1180 3759 de
1201 3708 1234 3759 Θσ
1244 3708 1314 3772 falso
1333 3716 1439 3761 testatas
1457 3717 1496 3759 ert
1514 3709 1590 3760 Scin.

451 3800 500 3849 virt.
519 3798 556 3848 ad
569 3798 667 3863 p.198,
681 3798 704 3848 7.
721 3790 734 3863 11
751 3797 781 3845 11
800 3792 920 3843 insulam
937 3792 1055 3844 lesbon.
1070 3832 1093 3846 ..
1107 3791 1255 3844 maloniam
1274 3790 1439 3857 (Maeoniam
1453 3794 1530 3856 Ptit.)
1546 3829 1588 3843 ...

452 3882 545 3933 lidiam
565 3879 670 3947 (lidiem
693 3885 753 3929 ante
775 3894 843 3930 corr.
864 3876 902 3942 H)
989 3876 1108 3927 siciliam
1190 3879 1365 3944 campaniam
1384 3877 1470 3927 EGH.
1501 3876 1590 3927 ablati·
1628 3900 1631 3907 ·

451 3983 493 4018 roa
511 3963 573 4031 (-a
592 3964 623 4031 Θ)
641 3965 753 4016 restituit
770 3964 840 4014 Mar.
864 3958 878 4030 11
900 3966 1058 4028 protropum
1074 3964 1130 4014 Joc.
1151 3960 1255 4028 (1522):
1275 3965 1415 4028 protyrum
1436 3960 1521 4010 ΕΘΗ.
1535 3958 1546 4026 11
1560 3963 1590 4009 12

454 4051 737 4114 catacccaumenitcn,
764 4047 855 4113 Lydia
882 4048 952 4099 Mar.
981 4048 1092 4111 (semoto
1111 4047 1178 4097 item
1200 4054 1260 4096 ante
1281 4045 1398 4110 Lydiam
1420 4045 1477 4096 Joc.
1498 4043 1590 4107 1522):

453 4140 667 4187 catacacaumen
693 4133 819 4197 (catanae
846 4148 961 4183 canmcn
983 4134 1025 4191 H,
1054 4137 1151 4182 catace
1179 4145 1295 4181 caumen
1318 4128 1364 4193 E).
1400 4130 1470 4178 Item
1496 4128 1590 4179 lidiam

453 4220 535 4274 ΕΘΗ.
559 4216 571 4286 11
594 4219 717 4269 tmoliten
734 4219 815 4268 Fra:
840 4217 953 4267 meliton
972 4217 1058 4267 ΕΘΗ.
1080 4212 1093 4283 11
1119 4219 1149 4267 13
1167 4216 1239 4266 inter
1261 4214 1441 4264 Terracinam
1465 4219 1493 4264 et
1515 4214 1589 4263 Fun·
1649 4203 1651 4208 ’

454 4304 499 4355 dos
518 4302 762 4368 Miller-Sirbitum
791 4304 862 4353 inter
885 4304 980 4351 racina
999 4305 1026 4351 el
1045 4300 1138 4350 fundis
1158 4300 1190 4359 Θ,
1214 4300 1381 4349 interracina
1400 4297 1422 4348 dr
1440 4297 1532 4349 sundia
1556 4297 1589 4360 Ε,

454 4390 647 4441 interracinarn
665 4387 688 4438 dr
706 4387 798 4439 lundis
821 4388 856 4438 Η.
878 4384 890 4453 11
915 4386 1074 4436 Caecubum
1097 4387 1150 4436 ert:
1176 4383 1316 4433 caesibum
1339 4381 1425 4435 ΕΘΗ,
1446 4377 1458 4447 11
1482 4383 1513 4432 15
1532 4396 1591 4447 pro·

456 4474 553 4525 creari:
571 4476 610 4524 stc
630 4473 713 4524 EGH.
736 4468 749 4539 11
773 4474 804 4523 16
822 4471 996 4538 proprietatis
1016 4470 1040 4519 E
1058 4476 1158 4519 etanta
1180 4484 1247 4519 corr.
1270 4467 1298 4517 Θ.
1323 4463 1334 4534 11
1358 4466 1464 4531 saporis
1483 4466 1590 4516 Matar-

456 4558 574 4624 Stnthtnp
592 4557 681 4623 (rec.):
701 4571 814 4623 sapores
832 4557 911 4608 ΕΘΗ
933 4554 1072 4619 (saporum
1091 4553 1153 4617 ed).
1179 4548 1191 4620 11
1216 4552 1257 4601 sic
1274 4568 1321 4618 epo
1347 4549 1435 4614 (rec.):
1459 4551 1496 4600 sit
1514 4549 1592 4601 ΕΘΗ

457 4642 510 4703 (on.
528 4643 592 4708 ed).
613 4639 626 4709 11
649 4645 682 4693 20
701 4643 790 4692 iuncis
811 4644 881 4694 doc:
905 4640 994 4690 uineis
1017 4638 1101 4690 ΕΘΗ,
1123 4633 1135 4702 11
1158 4638 1190 4686 22
1209 4652 1315 4687 murrae
1333 4637 1362 4686 H
1380 4633 1462 4699 (htclz
1486 4650 1592 4700 myrrae

457 4724 513 4794 l-e
534 4728 566 4791 Θ)
586 4727 642 4778 ΕΘ.
667 4722 679 4794 11
703 4726 916 4792 probaturae:
937 4722 1066 4790 glebulas
1085 4721 1170 4771 ΕΘΗ.
