3984 5825
691 666 737 719 11
760 666 1028 720 rechimerum
1051 668 1119 720 nra.
1142 668 1174 720 v.
1438 654 1498 724 115

354 846 600 911 synemmenon,
624 827 738 910 quinta
753 825 955 891 diatessaron
969 825 1012 888 ad
1035 849 1156 909 mesen,
1180 838 1274 891 sexta
1296 827 1499 894 diatessaron

353 926 396 988 ad
424 926 570 1014 hypaten
596 949 725 1008 meson,
754 928 787 989 in
813 926 921 991 medio
943 950 1044 990 unum
1066 928 1268 993 diatessaron
1290 929 1332 992 ad
1354 929 1499 1016 hypaten

322 1026 513 1114 shypaton.
557 1029 605 1091 ita
625 1027 686 1092 bac
707 1013 955 1093 ratiocinatione
977 1051 1046 1093 vox
1071 1052 1091 1092 a
1113 1052 1229 1094 scaena
1252 1032 1301 1096 uti
1323 1031 1365 1096 ab
1387 1040 1498 1096 centro
1596 1015 1599 1024 ’

354 1128 490 1215 profusa
504 1151 539 1193 se
555 1129 779 1214 circumagens
801 1138 956 1218 tactuque
977 1129 1099 1195 feriens
1122 1132 1323 1216 singulorum
1344 1154 1497 1197 vasorum

353 1251 436 1293 cava
451 1231 646 1294 excitaverit
660 1240 789 1295 auctam
812 1230 993 1295 claritatem
1016 1229 1048 1296 et
1070 1243 1229 1297 concentu
1251 1235 1497 1299 convenientem
1516 1250 1531 1297 o

353 1331 420 1395 sibi
435 1332 691 1396 consonantiam.
721 1334 894 1397 sinautem
909 1332 1048 1420 amplior
1070 1336 1132 1399 erit
1153 1335 1344 1420 magnitudo
1365 1335 1497 1417 theatri,

352 1442 432 1496 tunc
458 1432 603 1523 altitudo
633 1432 804 1498 dividatur
835 1435 869 1498 in
902 1445 1012 1521 partes
1040 1454 1110 1518 1111,
1138 1438 1186 1501 uti
1214 1446 1280 1501 tres
1315 1436 1498 1501 efficiantur

351 1535 503 1619 regiones
526 1534 680 1598 cellarum
701 1543 889 1600 transverse
912 1536 1119 1621 designatae,
1142 1560 1207 1601 una
1228 1537 1426 1619 harmoniae,
1449 1537 1494 1600 al-

352 1645 423 1698 tera
450 1636 650 1718 chromatos,
678 1639 777 1701 tertia
804 1637 941 1703 diatoni.
986 1647 1018 1702 et
1039 1638 1081 1702 ab
1103 1639 1168 1703 imo
1191 1662 1275 1725 quae
1297 1640 1359 1703 erit
1380 1641 1496 1726 prima,

353 1760 390 1801 ea
419 1759 462 1801 cx
490 1738 659 1803 harmonia
684 1737 873 1805 ,conlocetur
899 1741 947 1804 ita
974 1740 1024 1803 uti
1046 1742 1080 1804 in
1102 1740 1227 1804 minore
1249 1741 1375 1804 theatro
1398 1763 1497 1827 supra
1516 1755 1548 1805 10

317 1856 333 1902 4
351 1840 509 1925 scriptum
523 1849 583 1906 est.
627 1841 663 1903 in
676 1839 829 1904 mediana
850 1849 959 1905 autem
980 1842 1087 1929 prima
1108 1841 1142 1903 in
1164 1843 1319 1907 extremis
1343 1844 1495 1906 cornibus

350 1941 393 2005 ad
415 1940 635 2006 chromaticen
656 1941 899 2028 hyperbolaeon
920 1943 1077 2007 habentia
1097 1943 1240 2007 sonitum
1262 1954 1438 2029 ponantur,
1461 1946 1496 2008 in

351 2042 504 2107 secundis
518 2043 561 2107 ab
576 2042 629 2107 his
644 2042 848 2109 diatessaron
863 2045 905 2108 ad
928 2045 1148 2109 chromaticen
1170 2043 1437 2130 diezeugmenon,
1461 2048 1495 2110 in

349 2145 457 2208 tertiis
484 2146 527 2208 ad
555 2145 775 2211 chromaticen
804 2166 1052 2234 synemmenon,
1079 2147 1204 2232 quartis
1228 2145 1430 2211 diatessaron
1452 2148 1495 2210 ad

351 2245 572 2311 chromaticen
585 2270 714 2331 meson,
738 2249 861 2336 quintis
877 2249 1081 2313 diatessaron
1095 2247 1138 2311 ad
1160 2246 1378 2313 chromaticen
1392 2247 1494 2335 hypa·
1514 2263 1546 2311 15

349 2357 421 2430 ton,
446 2347 551 2412 sextis
566 2349 609 2413 ad
630 2372 839 2436 paramesen,
863 2349 950 2436 quod
973 2348 1070 2415 etad
1093 2349 1312 2413 chromaticen
1333 2349 1495 2437 hyperbo-

350 2449 445 2514 laeon
472 2449 626 2537 diapente
655 2461 687 2515 et
713 2449 757 2514 ad
786 2451 1007 2516 chromaticen
1034 2473 1146 2515 meson
1174 2450 1376 2520 diatessaron
1398 2452 1496 2517 habet

316 2553 582 2616 aconsonantiae
616 2555 891 2618 communitatem.
938 2554 974 2624 in
1001 2553 1110 2617 medio
1137 2552 1220 2616 nihil
1248 2562 1298 2617 est
1326 2552 1494 2618 conlocan-

350 2652 445 2734 dum,
459 2653 548 2719 ideo
576 2654 664 2739 quod
693 2657 857 2719 sonituum
880 2654 969 2718 nulla
990 2653 1057 2718 alia
1078 2653 1218 2739 qualitas
1241 2655 1276 2718 in
1299 2653 1495 2718 chromatico

350 2774 469 2839 genere
496 2755 711 2842 symphoniae
739 2758 983 2822 consonantiam
1007 2764 1118 2843 potest·
1138 2755 1268 2819 habere.
1312 2756 1348 2819 in
1369 2779 1495 2822 summa
1513 2772 1546 2821 1ο

349 2878 429 2922 vero
462 2856 624 2922 divisione
657 2867 689 2923 et
725 2859 859 2944 regione
886 2857 1040 2921 cellarum
1069 2858 1104 2921 in
1131 2857 1284 2921 cornibus
1311 2858 1425 2944 primis
1452 2857 1494 2922 ad

349 2959 506 3024 diatonon
539 2958 779 3046 hyperbolaeon
812 2959 972 3023 fabricata
1005 2980 1087 3022 vasa
1113 2959 1222 3023 sonitu
1249 2968 1426 3045 ponantur,
1460 2961 1495 3022 in

349 3061 503 3125 secundis
531 3059 735 3126 diatessaron
761 3062 805 3126 ad
832 3062 989 3125 diatonon
1016 3060 1288 3145 diezeugmenon,
1317 3060 1423 3122 tertiis
1451 3059 1493 3122 ad

350 3162 507 3228 diatonon
536 3184 784 3250 synemmenon,
813 3164 938 3249 quartis
962 3162 1165 3226 diatessaron
1186 3160 1229 3224 ad
1251 3160 1405 3225 diatonon
1428 3183 1493 3224 me·

349 3287 420 3346 son,
445 3266 570 3352 quintis
593 3263 795 3330 diatessaron
817 3264 859 3328 ad
883 3264 1037 3328 diatonon
1060 3264 1221 3351 hypaton,
1246 3264 1349 3327 sextis
1373 3262 1492 3326 diates·
1512 3279 1544 3325 aa

348 3389 447 3432 saron
475 3366 519 3431 ad
546 3365 909 3454 proslambanomenon,
938 3368 973 3431 in
1001 3365 1109 3430 medio
1132 3365 1175 3429 ad
1196 3387 1323 3446 mesen,
1347 3363 1433 3451 quod
1457 3386 1495 3427 ea

336 3456 383 3532 'et
409 3466 453 3531 ad
481 3467 827 3553 proslambanomenon
856 3468 1015 3555 diapason
1044 3475 1076 3530 et
1105 3466 1147 3530 ad
1171 3468 1328 3531 diatonon
1348 3466 1495 3554 hypaton

315 3569 504 3656 odiapente
537 3569 636 3634 habet
669 3570 937 3657 symphoniarum
970 3569 1228 3633 communitates.
1277 3568 1358 3633 haec
1385 3577 1495 3633 autem

349 3776 495 3830 hemmenu
513 3775 548 3843 c).
569 3772 582 3844 ΙΙ
605 3780 621 3828 3
639 3776 691 3827 boc
708 3784 767 3826 ante
785 3792 854 3829 corr.
876 3777 897 3826 G
927 3774 992 3840 (hac
1010 3775 1117 3825 ratione
1140 3775 1189 3838 cd).
1213 3772 1225 3841 1(
1254 3778 1398 3826 sanctam
1421 3774 1494 3838 (-11

351 3860 384 3925 6)
404 3861 563 3913 claritatem
582 3858 655 3925 (-tc
674 3858 706 3926 G)
727 3862 785 3912 GH.
808 3858 821 3927 ΙΙ
844 3865 872 3910 et
891 3864 1029 3911 concentu
1045 3862 1116 3912 doe:
1136 3877 1171 3911 ex
1188 3864 1326 3910 concentu
1345 3861 1402 3909 GH.
1426 3856 1438 3926 Ι(
1462 3863 1493 3910 13

350 3944 523 3997 diatesseron
546 3946 568 3997 6
594 3945 664 4009 (item
685 3948 718 3996 in·
733 3963 804 4012 seqq.
827 3961 883 3995 ecce.
906 3962 929 3995 a
954 3945 1007 4009 17).
1037 3942 1050 4012 ll
1076 3944 1274 4011 diezeugmenu
1298 3944 1348 3992 GH
1371 3941 1451 4009 (111).
1478 3940 1491 4008 Ι(

352 4031 475 4082 intertiis
492 4029 667 4081 diatessaron
685 4030 721 4081 ad
740 4031 928 4081 chromaticen
946 4026 1067 4097 1111111-
1081 4028 1257 4093 G)hemmenu
1278 4028 1329 4078 611
1347 4025 1425 4091 (Llc).
1451 4026 1495 4077 ubi

350 4150 374 4182 o.
392 4132 566 4183 diatessaron
578 4134 653 4182 eiecit
664 4134 727 4185 Lor.
748 4130 786 4194 (11
797 4132 869 4195 infra
881 4135 926 4181 23.
936 4132 970 4195 cf.
980 4148 1009 4196 p.
1024 4134 1081 4190 114,
1094 4129 1150 4195 24),
1168 4127 1180 4195 (Ι
1197 4131 1228 4178 16
1240 4115 1405 4193 paramesdn
1424 4128 1466 4181 Gv.
1479 4124 1491 4192 ((

351 4216 425 4281 quod
443 4221 472 4267 et
490 4216 525 4268 ad
543 4217 668 4267 Meibom:
687 4216 759 4281 quod
778 4216 853 4267 etin
872 4215 930 4265 611.
954 4212 966 4281 (Ι
990 4218 1021 4264 17
1039 4215 1124 4264 habet
1142 4214 1225 4264 Mna:
1256 4212 1380 4262 habeant
1400 4213 1457 4264 GH.
1478 4206 1490 4275 Ι(

351 4305 383 4353 19
402 4302 539 4353 sonituum
556 4302 614 4355 ΙΙοε.
634 4299 645 4366 (
662 4301 697 4368 0):
717 4301 836 4352 sonitum
856 4301 907 4349 611
925 4297 1007 4365 (111).
1028 4296 1039 4364 Ι)
1062 4301 1094 4347 22
1107 4299 1251 4348 diatonon:
1270 4311 1368 4345 —num
1388 4297 1438 4345 GH
1456 4295 1492 4358 (et

349 4388 387 4437 ita
409 4388 436 4437 ia
458 4402 530 4453 seqq.
549 4402 607 4439 esc.
630 4403 653 4437 o.
672 4384 728 4451 24).
751 4382 764 4451 (1
786 4387 819 4435 23
842 4383 876 4434 ad
899 4383 1040 4434 diatonum
1062 4383 1154 4431 tertiis
1177 4380 1351 4431 diatessaron
1375 4378 1409 4429 11
1434 4381 1490 4438 611,

349 4472 392 4522 ubi
419 4472 634 4536 diezeugmenon
661 4472 722 4520 add.
750 4471 791 4523 ed.
819 4470 897 4531 Vra,
927 4468 1101 4517 diatessaron
1130 4463 1168 4526 (ut
1193 4482 1216 4514 υ.
1245 4466 1289 4527 14)
1318 4480 1364 4513 om.
1393 4463 1490 4530 1111)

350 4561 383 4609 24
401 4559 571 4609 addiatonon
598 4557 785 4622 synhemenon
802 4554 831 4603 H
850 4553 912 4616 (Le,
935 4566 1067 4600 -monon
1085 4549 1118 4614 l),
1142 4549 1255 4607 addicto
1277 4547 1492 4617 dsinheqmenou

350 4652 410 4695 unte
437 4660 508 4696 corr.
538 4643 568 4693 6.
596 4639 608 4707 (Ι
636 4642 670 4691 26
697 4639 817 4689 inmedio
837 4634 1200 4700 ...proslambanomenon
1228 4635 1282 4684 GH
1307 4631 1365 4697 (L):
1398 4650 1446 4683 ona.
1470 4636 1492 4683 lc

351 4725 455 4794 (11[)’]).
480 4725 492 4794 ss
514 4730 546 4777 27
565 4726 697 4790 diapason
718 4727 739 4775 6
767 4720 838 4786 ccli):
858 4722 973 4785 diapson
993 4721 1020 4768 11
1039 4717 1086 4785 (LI
1104 4727 1129 4768 et
1146 4726 1205 4769 onte
1223 4735 1292 4768 corr.
1311 4718 1344 4779 c).

1245 4802 1290 4866 8*
