3984 5825
744 706 790 752 nn
812 705 1084 753 ancnrrscrnns
1107 707 1176 754 urs.
1200 713 1234 754 x.
1502 692 1565 757 275

367 872 384 921 ‘1
407 865 525 920 autem
547 858 577 920 is
600 857 697 920 coriis
721 858 829 921 crudis
853 858 1126 945 quemadmodum
1148 860 1258 923 turris.
1293 858 1334 922 de
1354 859 1485 923 terebra
1506 859 1564 922 has

410 957 578 1046 explicuit
606 959 737 1045 scriptis
765 961 918 1024 rationes.
962 962 1069 1046 ipsam
1091 961 1273 1024 machinam
1295 960 1344 1023 uti
1366 960 1564 1024 testudinem

409 1062 449 1123 in
472 1058 582 1124 medio
605 1059 779 1124 habentem
799 1060 1002 1127 conlocatum
1017 1063 1052 1126 in
1067 1063 1256 1128 orthostatis
1273 1061 1429 1145 canalem,
1454 1085 1563 1149 quem-

409 1161 592 1225 admodum
620 1160 655 1224 in
685 1160 858 1249 catapultis
891 1172 946 1228 ant
972 1162 1114 1228 ballistis
1136 1164 1207 1228 fieri
1230 1163 1327 1245 solet,
1360 1162 1564 1260 longitndine

412 1262 601 1326 cubitorum
625 1280 662 1342 L,
690 1261 865 1327 altitudine
888 1263 1007 1347 cubiti,
1037 1267 1071 1328 in
1094 1286 1157 1351 quo
1180 1265 1438 1330 constituebatur
1459 1274 1563 1329 trans·
1583 1286 1598 1334 5

411 1385 514 1428 versa
543 1361 666 1427 sucula.
710 1365 876 1451 incapite
902 1374 1012 1429 autem
1043 1365 1161 1430 dextra
1193 1387 1231 1431 ac
1263 1369 1397 1432 sinistra
1425 1367 1565 1430 trocleae

413 1465 501 1529 duae
508 1493 526 1550 ,¹
547 1487 606 1553 per
634 1487 714 1551 quas
742 1465 935 1530 movebatur
962 1466 1049 1553 quod
1077 1469 1183 1532 inerat
1210 1469 1246 1532 in
1269 1491 1305 1533 eo
1328 1466 1435 1532 canali
1458 1469 1565 1554 capite

413 1567 539 1631 ferrato
567 1569 705 1651 tignum.
750 1566 811 1632 sub
839 1590 877 1632 eo
904 1577 1014 1632 autern
1041 1570 1075 1633 in
1104 1571 1176 1656 ipso
1206 1569 1310 1635 canali
1342 1568 1461 1633 inclusi
1490 1570 1562 1634 tubi

414 1669 524 1734 crebri
556 1667 729 1733 celeriores
762 1679 795 1732 et
831 1669 1090 1734 vehementiores
1129 1670 1315 1735 efficiebant
1347 1672 1416 1735 eius
1447 1679 1564 1735 motus.

414 1793 515 1858 supra
535 1780 645 1834 autem
668 1769 703 1833 id
725 1772 854 1855 tignum
877 1769 963 1856 quod
985 1771 1069 1834 inibi
1092 1782 1160 1835 erat
1183 1794 1278 1836 arcus
1299 1772 1508 1857 erigebantur
1522 1771 1564 1835 ad
1585 1795 1615 1842 10

414 1872 563 1937 canalem
589 1872 764 1956 crebriter,
800 1874 850 1936 uti
883 1873 1081 1936 sustinerent
1109 1875 1232 1938 corium
1265 1873 1400 1937 crudum
1435 1896 1498 1960 quo
1527 1896 1565 1937 ea

377 1995 394 2041 8
414 1974 567 2039 machina
590 1981 659 2037 erat
682 1972 839 2038 involuta.
885 1974 925 2037 de
948 1996 1061 2038 corace
1083 1973 1166 2038 nihil
1188 1977 1317 2063 putavit
1341 1974 1561 2057 scribendum,

414 2076 503 2163 quod
525 2075 803 2140 animadverteret
825 2097 895 2139 earn
917 2076 1101 2140 machinam
1122 2075 1244 2140 nullam
1260 2076 1383 2141 habere
1398 2079 1562 2142 virtutem.

414 2178 456 2242 de
483 2200 619 2242 accessu
627 2226 636 2259 ‚
672 2199 754 2264 quae
785 2179 955 2262 επιβαθρα
984 2199 1101 2262 graece
1129 2177 1265 2260 dieitur,
1300 2188 1332 2242 et
1360 2179 1401 2242 de
1428 2180 1562 2244 marinis

413 2278 713 2345 machinationibus
744 2301 826 2366 quae
856 2301 912 2367 per
939 2281 1073 2343 navium
1095 2279 1203 2343 aditus
1226 2280 1343 2344 haberi
1363 2302 1459 2368 posse
1482 2282 1561 2344 scri·
1583 2304 1614 2351 15
1668 2355 1675 2372 ι

413 2384 497 2469 psit,
526 2390 654 2445 tantum
682 2380 865 2469 pollicitum
893 2403 965 2445 esse
987 2380 1197 2445 vehementer
1216 2381 1438 2446 'animadverti
1459 2403 1565 2469 neque

413 2485 559 2547 rationes
584 2504 694 2546 earum
717 2504 790 2547 enm
813 2480 1043 2570 explicavisse.

503 2585 599 2666 Quae
632 2596 708 2650 sunt
735 2583 777 2647 ab
806 2582 916 2648 Diade
943 2584 985 2647 de
1012 2583 1172 2647 machinis
1202 2586 1323 2672 scripta
1352 2584 1470 2673 quibus
1499 2587 1565 2650 sint

415 2687 717 2773 comparationibus
741 2688 889 2772 exposui.
916 2707 1003 2751 nunc
1027 2686 1297 2771 quemadmodum
1313 2708 1333 2749 a
1347 2690 1564 2773 praeceptori·

415 2791 477 2853 bus
500 2791 614 2875 accepi
637 2798 669 2852 et
691 2786 785 2852 utilia
806 2787 887 2851 mihi
910 2787 1066 2850 videntur
1089 2808 1260 2872 exponam.
1492 2791 1504 2828 ‘·
1582 2814 1615 2861 20

363 2908 400 2971 lv)
504 2889 663 2972 Testudo‚
688 2911 770 2977 quae
792 2890 834 2953 ad
857 2889 1100 2975 congestionem
1123 2887 1281 2952 fossarum
1301 2898 1444 2977 paratur,
1469 2909 1566 2975 equa
1583 2911 1633 2960 xx

417 2996 517 3059 etiarn
544 3015 696 3057 accessus
724 2991 766 3055 ad
795 3015 922 3055 murum
949 2975 1057 3077 potest
1085 2989 1216 3072 haberi,
1248 2990 1296 3053 sic
1318 2991 1381 3055 erit
1402 2989 1562 3053 facienda.

417 3096 507 3160 basis
543 3096 789 3182 compingatur,
822 3115 905 3181 quae
933 3114 1050 3177 graece
1078 3107 1203 3175 εσχαρα
1236 3091 1372 3175 dicitur,
1406 3090 1565 3178 quadrata

416 3199 542 3263 habens
573 3218 701 3283 quoque
729 3218 843 3260 versus
871 3194 974 3258 latera
1002 3192 1130 3279 singula
1157 3192 1277 3279 pedum
1299 3210 1371 3256 xxv
1400 3202 1432 3256 et
1458 3203 1563 3257 trans-

417 3301 565 3365 versaria
587 3316 652 3363 1111.
704 3298 783 3361 haec
814 3306 924 3361 antem
961 3298 1187 3360 contineantur
1219 3292 1260 3357 ab
1293 3293 1403 3357 alteris
1437 3293 1563 3359 duobus
1582 3321 1615 3368 25

416 3506 648 3517 ......-.—.-

486 3646 500 3692 1
522 3626 573 3692 aut
588 3644 626 3693 is:
646 3643 709 3692 auti
729 3640 796 3691 emis
814 3643 873 3690 ante
891 3654 959 3689 corr.
981 3639 1010 3689 G.
1034 3632 1045 3705 Η
1069 3637 1228 3690 3faciebat
1244 3638 1425 3693 inseruit'doe,
1443 3647 1502 3704 post
1521 3655 1564 3691 ea*

417 3728 520 3778 nalem.
541 3722 554 3793 11
573 3728 590 3775 4
607 3724 679 3776 fieri:
704 3725 757 3775 feri
777 3724 806 3777 6,
831 3719 843 3789 ΙΙ
866 3723 1051 3774 beobitornm
1075 3730 1134 3773 ante
1157 3740 1225 3775 corr.
1251 3724 1281 3776 G.
1302 3721 1314 3790 ΙΙ
1342 3723 1489 3773 altitudine
1505 3732 1565 3773 aute

417 3829 463 3862 ras
483 3812 514 3862 G.
536 3807 548 3877 ll
571 3814 587 3861 6
605 3810 703 3874 troclie
725 3809 778 3859 GH
793 3807 841 3871 (L,
865 3809 959 3873 —cleo
977 3807 1020 3871 lc).
1042 3804 1054 3874 ll
1078 3809 1094 3858 8
1112 3808 1213 3858 inclusi
1235 3809 1296 3858 tubi
1314 3823 1360 3871 epo
1385 3808 1449 3869 (tori
1472 3808 1563 3868 Laet):

417 3896 535 3946 inclusit
553 3895 595 3944 uti
615 3895 665 3945 GH
684 3892 727 3956 (L,
746 3892 900 3943 inclusituti
918 3896 935 3955 l,
955 3892 1055 3943 inclusi
1073 3893 1125 3942 tuti
1143 3889 1194 3955 ct).
1218 3889 1230 3957 Η
1253 3893 1269 3941 9
1288 3890 1378 3940 crebri
1395 3888 1483 3943 Sota:
1509 3905 1565 3940 cre-

419 3998 508 4048 briter
527 3987 587 4059 (-ῐ
602 3994 642 4059 11)
664 3995 721 4045 GH.
746 3990 758 4060 ll
783 3996 814 4045 10
832 3994 860 4043 id
877 3994 947 4046 Joc.:
968 3994 1003 4043 ad
1023 3994 1080 4043 GH.
1103 3989 1115 4059 11
1140 3992 1318 4057 erigebantur
1334 4006 1380 4054 epo
1400 3990 1566 4054 (agebantur

418 4080 501 4144 Joe.):
523 4081 691 4145 tegebantur
710 4079 769 4129 GH.
792 4073 804 4144 ΙΙ
829 4080 858 4128 11
880 4093 931 4141 quo
951 4078 997 4128 G0:
1019 4074 1222 4142 quodH(Llc)
1242 4081 1343 4124 etanta
1362 4089 1429 4125 corr.
1451 4074 1479 4122 G.
1500 4069 1511 4139 Η
1533 4075 1565 4122 14

418 4181 535 4217 accessu
556 4165 618 4215 GH:
638 4177 756 4213 ascensu
775 4163 851 4216 Pe'rr.
870 4161 935 4225 (cam
953 4162 1075 4212 ciserano
1093 4161 1128 4224 cf.
1144 4177 1170 4225 p.
1183 4162 1245 4221 273,
1265 4156 1320 4219 21).
1337 4154 1349 4223 [1
1372 4156 1517 4222 epibatbra
1536 4157 1565 4205 H

418 4250 504 4315 (Ηώς
525 4248 636 4315 epithra
656 4243 713 4314 al]
737 4262 840 4311 grecae
860 4244 917 4311 (sic)
935 4246 972 4295 II.
989 4242 1001 4310 ΙΙ
1019 4247 1050 4294 15
1070 4260 1140 4309 quae
1159 4241 1234 4307 (que)
1252 4258 1269 4306 p
1288 4243 1372 4291 navn'r
1393 4240 1442 4291 GH
1461 4237 1565 4305 (navim

416 4334 495 4399 doe).
514 4332 526 4400 ΙΙ
542 4333 642 4384 haberi
660 4347 720 4397 epo:
739 4331 841 4383 habere
862 4331 920 4381 GH.
940 4326 952 4395 ss
975 4343 1056 4395 posse
1077 4327 1110 4378 G:
1129 4325 1216 4392 poss&
1234 4327 1265 4375 H
1281 4324 1323 4389 (te,
1342 4328 1436 4390 posset
1456 4320 1562 4390 (5⁶11),ss

380 4463 382 4470 ,
418 4422 449 4471 16
463 4418 655 4470 animadverte
671 4415 676 4482 Ι
692 4414 741 4480 (sic
760 4417 874 4465 imolato
891 4416 917 4463 in
936 4412 961 4476 e)
982 4414 1024 4467 6⁶.
1048 4409 1060 4478 ll
1087 4414 1115 4462 17
1134 4426 1228 4462 earum
1246 4412 1315 4461 Jee:
1336 4411 1401 4459 corii
1416 4409 1474 4460 GH.
1491 4404 1502 4474 ΙΙ
1520 4423 1564 4457 ex-

417 4505 583 4571 plicavisse:
601 4505 640 4553 sic
660 4502 718 4554 GH.
733 4496 745 4566 ΙΙ
767 4500 798 4549 18
818 4498 951 4549 ademade
966 4497 1017 4546 GH
1030 4494 1108 4559 (corr.
1121 4493 1201 4559 doc).
1218 4489 1230 4560 Η
1246 4496 1279 4543 20
1298 4492 1395 4557 accepi
1409 4496 1437 4541 et
1450 4492 1562 4541 cottae:

417 4588 535 4657 accipi&
558 4590 588 4638 H
606 4586 659 4652 (cle)
679 4593 704 4636 et
722 4582 864 4648 (accipiet)
885 4589 944 4632 ante
962 4597 1030 4633 corr.
1052 4581 1081 4629 G.
1104 4575 1117 4645 Η
1137 4581 1167 4628 21
1188 4593 1278 4641 equa
1300 4593 1359 4642 epo:
1387 4589 1449 4641 eaq3
1470 4576 1529 4626 GH.
1550 4573 1562 4641 Η

416 4678 449 4724 22
472 4673 573 4725 haberi
595 4688 656 4737 epo:
683 4685 748 4718 -re
772 4668 830 4718 GH.
854 4662 866 4731 ΙΙ
889 4669 921 4717 23
940 4656 1047 4730 ἐσχάρα
1070 4665 1139 4714 Joc.:
1159 4663 1238 4713 thera
1252 4662 1310 4713 GH.
1325 4656 1337 4727 ΙΙ
1354 4662 1387 4712 24
1400 4674 1483 4725 quoq;
1503 4675 1564 4712 ver·

417 4775 478 4810 sus:
497 4762 536 4809 sic
550 4759 608 4808 GH.
626 4753 638 4822 ΙΙ
654 4757 687 4805 25
702 4753 895 4805 contineantur
913 4751 982 4800 Joc.:
1002 4752 1098 4798 -atur
1113 4748 1172 4797 GH.

1298 4826 1361 4891 18*
