3984 5825
660 676 707 723 on
729 675 997 725 anomoeorum
1021 678 1090 724 nm.
1113 679 1190 725 vm.
1439 664 1498 728 193

350 828 426 892 flati
449 829 484 891 vi
507 829 599 892 venti
622 830 726 893 coacti
748 828 924 894 bullientes
940 830 1053 894 crebre
1075 852 1133 917 per
1154 830 1260 894 fontes
1276 831 1497 915 egrediuntur.

351 952 400 994 ex
421 929 473 993 his
495 938 605 994 autern
628 931 683 1016 qui
706 952 772 994 non
793 939 869 994 sunt
891 933 997 1019 aperti
1019 930 1076 995 sed
1103 932 1145 996 ab
1168 933 1257 996 saxis
1281 933 1497 1015 continentur,

349 1053 414 1118 per
435 1041 592 1116 angustas
615 1053 716 1097 venas
732 1032 939 1097 vehementia
960 1034 1093 1121 spiritus
1116 1034 1333 1098 extruduntur
1347 1033 1390 1096 ad
1413 1057 1497 1098 sum-

310 1147 328 1194 3
350 1154 426 1196 mos
452 1154 642 1217 grumorum
663 1133 815 1201 tumulos.
860 1136 970 1220 itaque
992 1136 1049 1221 qui
1075 1143 1192 1222 putant
1219 1143 1310 1199 tanta
1332 1157 1367 1198 se
1388 1134 1497 1199 altitu·

350 1234 434 1298 dine
456 1256 520 1321 qua
543 1245 618 1300 sunt
639 1237 747 1321 grumi
769 1237 877 1322 capita
899 1235 1037 1299 fontium
1061 1235 1149 1300 fossa
1170 1235 1305 1318 habere,
1329 1258 1402 1300 curn
1423 1252 1532 1323 apo-o

350 1338 445 1400 riunt
473 1334 619 1402 fossuras
647 1328 759 1401 latius
773 1337 990 1424 decipiuntur.
1040 1359 1179 1424 namque
1205 1339 1254 1402 uti
1281 1360 1417 1403 aeneum
1440 1360 1499 1402 vas

349 1460 421 1502 non
442 1439 478 1501 in
499 1440 634 1503 summis
662 1437 763 1503 labris
791 1436 923 1526 plenum
945 1439 1004 1503 sed
1031 1461 1134 1526 aquae
1156 1460 1327 1505 mensurae
1349 1463 1425 1505 suae
1448 1463 1499 1504 ca-

351 1540 509 1626 pacitatis
537 1539 660 1604 habeus
689 1561 706 1604 c
734 1540 839 1605 tribus
868 1540 950 1604 duas
983 1552 1091 1627 partes
1119 1542 1370 1629 operculumque
1398 1544 1432 1606 in
1462 1565 1499 1607 eo

352 1640 576 1727 conlocatum,
605 1664 678 1706 cum
700 1643 786 1727 ignis
809 1643 995 1707 vehementi
1023 1644 1152 1707 fervore
1180 1654 1334 1729 tangatur
1356 1643 1497 1730 percale-

351 1741 428 1835 fieri
450 1744 538 1828 cogit
565 1766 699 1831 aquam,
729 1766 766 1808 ca
788 1754 896 1809 autem
919 1755 1051 1832 propter
1072 1744 1252 1809 naturalem
1274 1747 1442 1810 raritatem
1463 1748 1498 1810 in
1519 1761 1549 1809 10

352 1866 391 1908 se
418 1845 578 1932 recipiens
606 1846 747 1912 fervoris
770 1844 914 1909 validam
942 1847 1142 1911 inflationem
1169 1870 1233 1912 non
1260 1848 1357 1912 modo
1384 1847 1499 1936 implet

353 1968 415 2010 vas
439 1946 497 2011 sed
527 1947 698 2036 spiritibus
722 1945 880 2012 extollens
904 1946 1090 2034 operculum
1113 1958 1145 2013 et
1173 1971 1319 2014 crescens
1342 1949 1497 2033 abundat,

354 2047 485 2115 sublato
506 2059 615 2114 autem
637 2046 788 2136 operculo
812 2051 938 2114 emissis
966 2050 1189 2116 inflationibus
1217 2053 1251 2115 in
1272 2073 1346 2116 aere
1374 2054 1500 2139 patenti

353 2173 468 2215 rursus
482 2149 532 2214 ad
554 2173 647 2215 suum
669 2149 777 2216 locum
798 2150 930 2233 residit,
953 2150 994 2215 ad
1019 2151 1156 2216 eundem
1178 2153 1310 2218 modum
1333 2175 1370 2217 ca
1393 2155 1500 2240 capita

353 2250 495 2317 fontium
517 2274 589 2315 cum
611 2261 687 2317 sunt
707 2255 868 2338 angustiis
891 2275 1086 2340 compressa,
1109 2264 1208 2319 ruunt
1229 2257 1264 2319 in
1286 2278 1410 2322 summo
1433 2258 1498 2342 spi·
1519 2269 1550 2318 15

354 2355 438 2417 ritus
461 2375 565 2440 aquae
586 2352 740 2439 bullitus‚
768 2353 995 2420 simulantem
1018 2364 1094 2420 sunt
1115 2355 1213 2421 latius
1235 2359 1357 2444 aperti,
1387 2359 1498 2421 exani-

355 2455 438 2519 mati
459 2476 518 2541 per
531 2456 683 2520 raritates
704 2453 849 2543 liquidae
871 2456 1043 2542 potestatis
1065 2457 1215 2524 residunt
1230 2467 1262 2522 et
1283 2460 1500 2525 restituuntur

355 2559 391 2622 iu
413 2555 601 2622 libramenti
622 2559 864 2645 proprietatem.

315 2677 334 2724 4
442 2656 558 2723 Omnis
586 2668 696 2735 autem
716 2681 800 2746 aqua
822 2658 929 2724 calida
956 2659 1030 2726 ideo
1053 2661 1185 2746 quidem
1208 2671 1256 2725 est
1283 2662 1498 2728 medicamen-

354 2770 428 2826 tosa
460 2759 547 2846 quod
575 2761 609 2825 in
642 2760 747 2848 privis
776 2761 873 2826 rebus
902 2770 1052 2848 percocta
1077 2760 1174 2827 aliam
1203 2764 1357 2828 virtutem
1383 2767 1501 2852 recipit
1518 2777 1551 2825 ao

355 2862 398 2927 ad
424 2884 530 2927 usum.
574 2884 714 2950 namque
736 2862 920 2951 sulphurosi
948 2863 1055 2929 fontes
1078 2885 1251 2930 nervorum
1279 2864 1405 2931 labores
1428 2867 1499 2930 refi-

356 2964 447 3029 ciunt
483 2964 763 3053 percalefaciendo
801 2966 1032 3054 exurendoque
1065 2964 1225 3031 caloribus
1260 2990 1278 3030 c
1311 2967 1499 3053 corporibus

355 3088 486 3131 umores
514 3067 661 3132 vitiosos.
710 3065 884 3132 aluminosi
911 3077 1035 3149 autern,
1071 3089 1144 3132 cum
1171 3067 1330 3132 dissoluta
1355 3067 1501 3131 membra

356 3189 528 3254 corporum
554 3166 697 3256 paralysi
725 3179 781 3233 aut
808 3168 917 3256 aliqua
938 3171 973 3232 vi
995 3168 1100 3233 morbi
1122 3179 1329 3255 receperunt,
1358 3167 1500 3233 fovendo

355 3292 415 3357 per
443 3278 592 3357 patentes
614 3292 714 3335 venas
742 3272 1022 3355 refrigerationem
1045 3272 1206 3335 contraria
1228 3270 1343 3336 caloris
1366 3273 1401 3335 vi
1427 3271 1499 3335 refi-
1518 3283 1551 3331 aa

356 3372 464 3455 ciunt,
495 3381 526 3437 et
547 3372 609 3437 hoc
630 3373 834 3438 continenter
855 3375 1071 3448 restituuntur
1093 3373 1127 3435 in
1149 3374 1316 3459 antiquam
1338 3372 1498 3438 membro-

426 3548 440 3595 1
460 3544 573 3597 crebrae
591 3546 631 3604 H,
659 3547 754 3611 crebre
773 3545 822 3597 ΕΘ
846 3544 891 3610 (L,
916 3546 1029 3596 crebero
1048 3548 1067 3604 Ι,
1090 3546 1187 3597 crebre
1210 3547 1321 3609 lauch).
1347 3543 1359 3614 l}
1383 3549 1399 3596 2
1419 3547 1453 3597 ab
1473 3548 1501 3609 (a

357 3631 461 3694 Sedu.):
501 3636 551 3679 aut
578 3630 664 3681 ΕΘΗ.
695 3626 707 3696 ΙΙ
739 3632 823 3681 4-18
851 3630 1200 3697 itaque-proprietatem
1228 3647 1274 3685 om.
1302 3630 1335 3681 E.
1363 3627 1375 3698 ll
1406 3632 1501 3697 itaque

359 3716 407 3781 qui
424 3716 524 3781 putant
541 3717 622 3765 tante
639 3716 695 3766 eet:
714 3715 813 3781 Itaque
832 3720 949 3781 quutant
967 3716 1018 3767 ΘΗ
1036 3712 1084 3781 (L,
1103 3716 1202 3782 Itaque
1222 3717 1267 3781 qui
1285 3720 1363 3765 tanta
1384 3716 1424 3775 6⁶,
1444 3716 1498 3765 lta·

359 3815 411 3865 que
431 3798 478 3863 qui
495 3804 594 3864 putant
611 3800 657 3858 Le,
675 3799 772 3864 Itaque
791 3805 890 3866 putant
907 3801 948 3866 tc).
967 3797 1011 3867 115
1031 3801 1106 3851 fossa
1123 3816 1170 3866 epo
1192 3799 1237 3865 (cs.
1254 3817 1280 3864 p.
1299 3803 1358 3858 205,
1378 3802 1402 3851 4.
1421 3814 1500 3864 posse

318 3945 321 3949 ,
358 3882 443 3949 loc.):
467 3883 560 3935 fossae
579 3883 665 3950 (losse
687 3884 728 3944 H,
749 3884 822 3951 fosse
842 3885 873 3950 Θ)
899 3886 957 3935 ΘΗ.
982 3882 993 3951 Η
1017 3887 1139 3950 laquie
1157 3900 1300 3935 mensurae
1326 3886 1407 3948 (aque
1426 3900 1500 3934 men·

357 3983 421 4033 sure
442 3966 499 4032 GL)
520 3968 570 4019 ΘΗ
588 3968 632 4032 (L,
651 3983 686 4018 ea
704 3984 793 4034 aquae
812 3986 845 4022 m.
864 3970 902 4029 eli,
924 3985 957 4019 ea
976 3985 1028 4035 que
1046 3986 1080 4019 m.
1099 3968 1128 4034 l).
1151 3966 1164 4035 ΙΙ
1185 3972 1201 4021 8
1219 3968 1324 4018 habene
1342 3967 1430 4017 tribue
1451 3967 1500 4017 ΘΗ

268 4063 279 4071 ·
359 4051 387 4115 (e
404 4054 467 4103 add.
486 4051 537 4117 ed.)
558 4048 571 4119 ΙΙ
591 4052 802 4118 operculumque
815 4055 871 4104 edu
890 4056 1070 4119 opertumque
1083 4053 1142 4105 ΘΗ.
1156 4047 1169 4118 ll
1187 4053 1218 4101 14
1230 4052 1328 4102 residit
1346 4050 1499 4116 (cfiu.17):

359 4134 463 4186 resedit
482 4136 543 4188 ΘΗ.
565 4133 578 4205 ΙΙ
601 4152 635 4187 ea
652 4139 760 4203 capitur
774 4139 820 4188 ,uc
843 4134 902 4189 ΘΗ.
926 4133 938 4204 ΙΙ
966 4141 998 4189 15
1018 4150 1174 4203 compressa
1192 4140 1278 4194 ruunt
1297 4136 1330 4187 0:
1355 4150 1500 4201 conpraes·

359 4225 456 4272 serunt
473 4221 502 4270 H
520 4219 553 4283 (c,
572 4227 810 4287 compraeseerunt
827 4223 859 4281 L,
879 4226 1093 4287 conpressorum
1110 4222 1133 4282 u,
1153 4224 1367 4286 conpreeeemnt
1384 4219 1412 4285 1).
1433 4217 1445 4287 {l
1469 4221 1499 4270 16

359 4310 424 4357 sunt
441 4305 537 4355 latius:
563 4309 601 4357 ric
620 4307 678 4363 ΘΗ.
704 4303 716 4374 ll
738 4309 768 4358 17
787 4308 930 4358 raritates:
953 4310 991 4356 sic
1015 4306 1073 4357 GH.
1099 4303 1111 4373 [l
1131 4305 1266 4356 residunt:
1289 4308 1327 4355 ric
1351 4305 1408 4358 ΘΗ.
1431 4301 1443 4371 Η
1470 4306 1501 4355 18

358 4390 556 4457 proprietatem
575 4392 630 4444 ed:
649 4394 710 4441 -te
731 4391 789 4442 GH.
807 4388 820 4457 ΙΙ
836 4393 867 4442 19
885 4391 992 4455 quidem
1006 4390 1075 4441 doe:
1096 4387 1165 4453 quod
1178 4388 1237 4453 (sic)
1247 4389 1308 4450 ΕΗ,
1328 4388 1364 4454 qd
1377 4390 1398 4440 G
1411 4386 1474 4452 (at).
1487 4386 1499 4455 Η

359 4478 393 4526 20
409 4474 496 4540 privis
513 4489 560 4541 epo
578 4474 654 4539 (aliis
669 4475 711 4539 s):
731 4477 826 4539 pravis
845 4475 923 4526 ΕΘΗ
941 4474 988 4537 (L,
1007 4474 1119 4540 parevis
1137 4483 1174 4532 cc,
1193 4474 1286 4540 parvis
1304 4473 1341 4538 b).
1358 4469 1370 4540 {l
1386 4475 1418 4523 22
1437 4488 1500 4523 exu-

360 4558 459 4610 rendo:
485 4561 523 4609 rr'c
545 4559 631 4610 ΕΘΗ.
656 4554 669 4625 ΙΙ
695 4560 728 4609 24
746 4560 903 4626 receperint
923 4559 969 4609 Ec.
993 4554 1007 4625 ss
1033 4560 1065 4608 25
1090 4557 1331 4623 refrigerationem
1354 4560 1409 4612 ed:
1434 4574 1501 4608 -ue

359 4643 445 4696 ΕΘΗ.
473 4639 488 4711 Η
516 4643 617 4696 caloris
639 4646 668 4695 vi
685 4644 757 4695 doc:
776 4644 883 4695 calores
901 4645 929 4693 vi
948 4644 976 4701 G,
996 4643 1089 4693 calore
1107 4642 1150 4694 sui
1167 4642 1222 4693 ΕΗ
1240 4641 1318 4708 (Llc).
1339 4638 1351 4709 ΙΙ
1370 4644 1403 4693 26
1422 4646 1450 4694 et
1468 4640 1502 4709 (da

360 4728 426 4795 ΕΗ)
444 4728 510 4779 hoc:
526 4729 566 4779 sic
582 4728 668 4780 ΕΘΗ.

394 4827 511 4867 vrrauv.
530 4828 565 4863 oe
584 4828 696 4863 ancum.
1261 4813 1299 4878 13
