3984 5825
436 637 500 700 222
926 651 1084 698 virsuvu

438 805 625 868 tricensimo
641 802 748 866 fuerat
762 825 846 867 anno
862 803 895 865 in
911 803 945 865 id
961 803 1157 886 restituitur,
1171 825 1213 868 ex
1228 825 1331 890 eoque
1346 806 1533 891 quominus
1545 806 1587 868 ab

438 916 583 970 extremo
613 904 714 968 distat
741 903 878 984 munde,
912 914 1002 968 tanto
1030 905 1185 968 maiorem
1219 906 1467 970 circinationem
1495 916 1587 970 rotae
1639 945 1641 951 ,

437 1005 656 1094 percurrendo
678 1007 801 1070 tardior
822 1005 954 1070 videtur
976 1027 1056 1069 esse.
1107 1008 1137 1070 ei
1164 1016 1273 1071 autern
1296 1009 1353 1093 qui
1384 1030 1484 1094 supra
1506 1006 1587 1072 solis
1609 1024 1635 1069 11

438 1112 500 1173 iter
522 1109 752 1172 circinationes
774 1117 952 1195 peragunt,
980 1109 1123 1171 maxime
1146 1129 1220 1172 cum
1242 1111 1277 1173 in
1304 1111 1435 1194 trigono
1464 1108 1588 1173 fuerint

404 1211 526 1297 oquod
549 1210 576 1272 is
599 1210 726 1288 inierit,
750 1218 818 1272 turn
833 1231 899 1273 non
920 1207 1174 1296 progrediuntur
1188 1207 1246 1272 sed
1269 1231 1439 1295 regressus
1461 1211 1587 1274 facien-

437 1324 487 1376 tes
509 1321 692 1392 morantur‚
716 1310 864 1397 doneque
887 1332 960 1373 curn
982 1309 1070 1374 idem
1092 1309 1141 1375 sol
1163 1311 1204 1375 de
1227 1333 1263 1375 eo
1285 1314 1415 1398 trigono
1439 1312 1474 1374 in
1495 1311 1588 1376 aliud

438 1414 567 1498 signum
599 1413 826 1477 transitionem
858 1412 983 1475 fecerit.
1033 1412 1067 1475 id
1101 1422 1210 1478 autem
1238 1412 1403 1478 nonnullis
1433 1415 1481 1477 sic
1516 1412 1589 1477 fieri

438 1514 545 1603 placet
561 1514 648 1600 quod
669 1515 762 1578 aiunt
776 1513 888 1598 solem,
912 1536 984 1577 curn
1001 1513 1129 1598 longius
1145 1514 1234 1580 absit
1250 1515 1416 1580 abstantia
1431 1514 1588 1601 quadam,

438 1640 503 1681 non
531 1617 650 1681 lucidis
680 1616 852 1681 itineribus
881 1617 1023 1680 errantia
1050 1638 1108 1702 per
1137 1639 1208 1680 earn
1236 1616 1345 1680 sidera
1372 1617 1588 1682 obscuritatis

389 1736 420 1783 10
438 1719 672 1784 morationibus
705 1717 863 1806 inpedire.
917 1716 1012 1781 nobis
1040 1739 1118 1780 vero
1153 1717 1187 1781 id
1220 1741 1286 1782 non
1313 1718 1457 1783 videtur.
1508 1717 1588 1783 solis

439 1823 526 1886 enim
549 1820 702 1910 splendor
724 1818 942 1907 perspicibilis
965 1828 997 1882 et
1018 1827 1134 1906 patens
1157 1820 1227 1883 sine
1249 1818 1324 1883 ullis
1346 1818 1588 1884 obscurationi-

438 1924 501 1990 bus
524 1935 573 1988 est
595 1946 653 2011 per
675 1944 802 1988 omnem
823 1920 997 2003 mundum,
1020 1930 1057 1985 ut
1079 1921 1177 1985 etiam
1199 1921 1293 1985 nobis
1308 1931 1489 2008 appareant
1514 1943 1587 1984 cum

437 2027 560 2090 faciant
582 2048 639 2089 eae
666 2021 780 2088 stellae
808 2045 975 2108 regressus
1005 2031 1036 2086 et
1062 2024 1269 2087 murationes.
1319 2045 1395 2108 ergo
1425 2024 1455 2086 si
1481 2023 1588 2085 tantis
1609 2040 1638 2086 12

439 2127 622 2193 intervallis
650 2135 761 2189 nostra
784 2126 909 2211 specics
937 2133 1044 2211 potest
1065 2123 1100 2187 id
1121 2124 1398 2206 animadvertere,
1428 2123 1510 2209 quid
1539 2125 1588 2187 ita

390 2250 421 2295 rs
439 2229 669 2294 divinitatibus
685 2225 979 2310 splendoribusque
993 2236 1153 2291 astrorum
1168 2225 1349 2290 iudicamus
1365 2225 1588 2289 obscuritates

438 2332 523 2395 obici
546 2327 666 2413 posse?
710 2348 787 2407 crgo
810 2328 917 2409 potius
941 2349 979 2389 ca
1001 2330 1083 2391 ratio
1105 2326 1199 2392 nobis
1222 2328 1385 2396 constabit
1408 2327 1498 2413 quod
1522 2326 1587 2389 fer·

438 2453 497 2493 vor
519 2425 790 2512 ‹picrnadrnodurn
806 2448 915 2489 omncs
931 2450 982 2491 res
1000 2439 1115 2494 evocat
1131 2439 1163 2494 et
1184 2427 1226 2492 ad
1249 2428 1401 2510 seducit,
1423 2437 1461 2492 ut
1483 2429 1587 2490 etiam

436 2531 561 2593 fructus
578 2548 595 2588 e
617 2535 703 2588 terra
718 2536 889 2612 surgentes
911 2529 946 2591 in
961 2528 1168 2595 altitudinem
1190 2553 1248 2618 per
1263 2528 1403 2594 calorem
1418 2529 1586 2611 videmus,

435 2651 500 2693 non
521 2627 628 2689 minus
650 2649 754 2714 aquae
776 2652 914 2717 vapores
939 2654 958 2694 a
979 2631 1125 2697 fontibus
1147 2632 1189 2696 ad
1212 2632 1314 2698 nubes
1336 2654 1396 2718 per
1410 2640 1503 2695 ortus
1528 2652 1585 2693 ex-

385 2750 417 2796 ·20
436 2729 545 2809 citari,
569 2727 682 2791 eadem
705 2732 831 2795 ratione
854 2731 931 2796 solis
960 2735 1100 2819 impetus
1124 2734 1297 2799 vehemens
1326 2731 1430 2798 radiis
1457 2731 1586 2816 trigoni

356 2916 358 2922 Ι
435 2829 538 2892 sonna
567 2833 727 2916 porrectis
754 2832 963 2921 insequentes
992 2835 1103 2902 stellas
1132 2837 1174 2900 ad
1201 2857 1236 2900 se
1267 2834 1417 2922 perducit
1445 2842 1478 2896 et
1506 2843 1586 2897 ante

435 2940 599 2994 currentes
616 2932 719 2998 veluti
734 2935 929 3002 refrenando
944 2939 1180 3026 retinendoque
1194 2961 1259 3004 non
1282 2938 1405 3024 patitur
1424 2935 1587 3023 progredi

433 3029 491 3094 sed
513 3033 555 3095 ad
579 3056 614 3097 se
637 3037 725 3119 cogit
747 3038 879 3122 regredi
901 3038 979 3102 dum
1002 3042 1036 3104 in
1058 3039 1192 3105 alterius
1219 3040 1340 3125 trigoni
1362 3039 1496 3122 signum
1520 3046 1586 3101 eat.

518 3133 672 3198 Fortasse
701 3136 942 3204 desiderabitur
974 3143 1055 3227 quid
1083 3143 1129 3205 ita
1156 3140 1204 3206 sol
1232 3141 1346 3227 quinte
1373 3162 1394 3202 a
1421 3160 1458 3202 se
1486 3140 1638 3224 signore

382 3249 415 3298 25
432 3234 541 3319 potius
565 3256 661 3320 quam
690 3240 832 3305 secundo
862 3252 920 3305 aut
947 3244 1043 3306 tertio
1067 3264 1149 3328 quae
1171 3252 1247 3306 sunt
1268 3242 1422 3330 propiora
1443 3239 1528 3304 facit
1549 3241 1586 3303 in

432 3334 483 3397 his
506 3335 691 3401 fervoribus
715 3342 937 3406 retentiones?
981 3366 1060 3428 ergo
1083 3344 1355 3429 quemadmodum
1377 3342 1413 3406 id
1436 3341 1584 3405 fieri1vi-

501 3594 513 3640 l
533 3593 691 3645 tricensimo
712 3596 763 3645 GH
786 3596 834 3658 (L,
853 3602 1007 3652 —cessirno
1026 3600 1060 3665 c),
1078 3602 1216 3653 -cesimo
1239 3600 1265 3651 Ε
1288 3600 1380 3665 (hcet).
1404 3597 1417 3664 ΙΙ
1440 3598 1518 3652 301:
1545 3600 1586 3649 sic

432 3674 518 3727 EGH.
541 3673 553 3744 ΙΙ
576 3678 653 3728 shis
673 3680 723 3729 GH
743 3678 799 3745 (L).
822 3680 834 3748 ΙΙ
857 3686 872 3734 6
896 3685 1022 3749 doneque
1032 3701 1102 3746 „eum
1121 3703 1168 3752 epo
1187 3686 1318 3749 (donique
1341 3682 1473 3747 bachal:
1505 3683 1585 3733 deni-

432 3777 485 3825 que
504 3758 633 3828 (deinque
659 3764 703 3828 6⁶)
728 3767 760 3814 cd
784 3766 871 3821 ΕΘΗ.
897 3766 908 3834 ΙΙ
936 3772 952 3819 9
976 3785 1037 3819 eam
1059 3771 1149 3821 Sella:
1178 3786 1212 3821 ea
1235 3770 1320 3821 EGH.
1349 3767 1361 3837 l}
1389 3771 1422 3819 10
1445 3768 1583 3833 impedire

431 3847 520 3899 Sedu:
550 3848 668 3912 inpediri
691 3849 779 3899 EGH.
802 3848 814 3915 ll
844 3855 874 3900 11
899 3854 1089 3918 perspicibilis
1111 3857 1142 3905 H
1159 3854 1241 3919 (Llc):
1270 3853 1467 3920 perspicabilis
1485 3852 1546 3903 EG.
1568 3849 1581 3919 ll

431 3932 686 3982 obscrurationibus
697 3935 718 3984 G
729 3932 789 3996 (nou
798 3935 844 3999 E),
857 3945 884 3984 ut
895 3953 976 4001 supra
987 3954 1014 4001 p.
1025 3942 1083 4001 219,
1097 3944 1140 3992 24.
1158 3936 1170 4006 ΙΙ
1189 3942 1218 3989 12
1232 3943 1396 4004 appareant:
1416 3940 1454 3988 sic
1465 3938 1553 3988 EGH.
1566 3934 1580 4001 ll
1641 3991 1644 3999 ¹

431 4019 462 4067 13
481 4018 589 4067 faciant
608 4015 702 4082 (—unt
717 4019 798 4080 decl:
824 4020 930 4070 facient
948 4022 1035 4074 EGH.
1059 4020 1070 4087 ΙΙ
1094 4040 1146 4073 eae
1163 4024 1193 4072 H
1211 4021 1272 4087 (L):
1296 4024 1349 4073 hae
1367 4023 1419 4073 EG
1438 4020 1484 4087 (he
1505 4021 1549 4081 lc).
1566 4021 1579 4090 ll

352 4167 354 4172 ,
432 4102 463 4149 15
480 4100 677 4152 divinitatibus
696 4103 746 4153 EG
764 4102 822 4166 (sed
840 4105 971 4169 desupra
988 4106 1001 4152 ῑ
1019 4104 1050 4154 al
1066 4106 1283 4171 divinationib;):
1308 4107 1534 4159 divinationibus
1551 4107 1583 4155 H

430 4180 511 4246 (Llc).
534 4181 546 4251 [Ι
568 4186 754 4237 obscuritates
772 4190 827 4238 ed:
846 4190 916 4238 -tis
935 4189 1020 4240 EGH.
1046 4188 1059 4258 ll
1078 4193 1109 4240 16
1127 4193 1200 4242 ratio
1218 4193 1298 4242 nobis
1316 4192 1347 4241 H
1363 4190 1472 4255 (60th
1493 4192 1583 4241 ratio-

431 4267 512 4317 nibus
530 4270 556 4317 E
573 4278 599 4319 et
616 4279 675 4321 ante
694 4288 762 4324 corr.
783 4272 804 4322 6
823 4270 884 4334 (cl).
908 4269 920 4340 Η
943 4276 974 4324 18
993 4278 1097 4324 eterra:
1116 4278 1154 4326 sic
1172 4275 1258 4346 EGH,
1281 4273 1294 4342 Η
1318 4278 1350 4327 19
1368 4280 1448 4326 ortus
1468 4274 1517 4337 (sc.
1537 4291 1583 4326 so·

429 4350 477 4412 lis)
496 4369 555 4417 epo:
586 4370 668 4404 arcus
686 4356 772 4406 EGH.
798 4353 811 4423 fl
838 4359 871 4407 ‘20
893 4358 1040 4407 vehemens
1062 4358 1146 4410 radiis
1165 4360 1200 4409 L:
1229 4360 1453 4410 vehemensadiis
1474 4361 1507 4409 H
1525 4359 1581 4425 (lc),

429 4435 577 4499 vehqmens
597 4438 668 4488 adiis
685 4440 743 4490 EG.
773 4437 786 4506 ΙΙ
812 4444 843 4490 21
862 4441 990 4507 perducit
1009 4446 1119 4493 stante
1137 4445 1206 4495 doc:
1231 4445 1360 4510 perducit
1380 4448 1478 4494 tantae
1503 4441 1581 4510 (—tq

429 4518 488 4588 HG)
513 4521 598 4575 EGH.
629 4520 641 4589 Η
667 4525 699 4574 23
728 4525 793 4575 adse
817 4526 927 4592 regredi
952 4526 981 4575 in
1010 4526 1125 4578 alterius
1153 4530 1256 4594 trigoni
1282 4529 1391 4595 signum
1414 4544 1475 4579 esse
1499 4529 1583 4580 EGH

430 4599 518 4667 [cogit
536 4608 597 4659 add.
615 4608 686 4665 doe,
710 4608 837 4661 donicum
861 4615 942 4661 -eat
964 4610 1055 4677 Mau).
1084 4610 1096 4679 {l
1123 4614 1156 4663 2⁶
1179 4613 1309 4678 propiora
1331 4615 1399 4665 Lea:
1433 4620 1581 4683 propriora

429 4685 507 4735 EGH
525 4688 564 4751 (t).
587 4687 599 4757 [l
624 4692 706 4742 lacit:
724 4696 762 4743 sic
780 4695 865 4748 EGH.
