3984 5825
765 727 812 771 na
834 726 1102 774 anonirneruaa
1125 727 1193 774 ms.
1218 730 1250 774 v.
1515 718 1574 779 117

429 881 615 944 scribantur
637 881 767 963 trigona
790 879 923 965 paribus
946 879 1103 944 lateribus
1133 889 1165 943 et
1187 880 1387 963 intervallis,
1412 905 1494 968 quae
1517 906 1573 946 ex-

428 992 564 1044 tremam
579 981 699 1044 lineam
715 981 938 1044 circinationis
959 990 1107 1064 tangant,
1131 981 1249 1067 quibus
1273 983 1371 1045 etiam
1394 984 1428 1046 in
1451 983 1571 1048 duode-

426 1085 490 1146 cim
517 1085 687 1168 signorum
714 1080 902 1146 caelestium
929 1081 1107 1166 astrologia
1135 1104 1177 1146 ex
1199 1085 1323 1147 musica
1344 1087 1573 1150 convenientia

389 1233 392 1241 ,
425 1194 587 1248 astrorum
619 1185 866 1248 ratiocinantur.
921 1205 963 1246 cx
991 1183 1041 1246 his
1070 1185 1208 1268 trigonis
1238 1186 1329 1249 cuius
1358 1184 1444 1251 latus
1473 1190 1572 1252 fucrit

424 1287 611 1372 proximum
643 1308 796 1365 scaenae,
831 1306 869 1348 ea
901 1285 1037 1369 regione
1071 1308 1134 1371 qua
1166 1286 1326 1373 praecidit
1362 1298 1603 1353 curvaturam5

424 1388 664 1469 circinationis,
694 1386 742 1451 ibi
768 1386 902 1449 finiatur
928 1407 1065 1449 scaenae
1094 1386 1200 1471 frons,
1229 1397 1260 1451 et
1288 1388 1330 1452 ab
1361 1410 1397 1452 co
1420 1388 1490 1455 loco
1512 1414 1571 1478 per

423 1499 571 1553 centrum
598 1487 770 1575 parallelos
799 1486 886 1550 linea
908 1488 1062 1570 dueatur,
1091 1511 1174 1575 quac
1196 1490 1364 1574 disiungat
1385 1494 1569 1577 proscaenii

389 1590 589 1677 2pulpitum
622 1599 653 1654 et
680 1589 865 1653 orchestrae
892 1591 1067 1674 regionem.
1118 1592 1164 1654 ita
1191 1589 1289 1655 latius
1317 1590 1440 1656 factum
1468 1593 1569 1658 fuerit

421 1690 587 1778 pulpitum
609 1714 707 1777 quam
729 1689 943 1774 Graecorum,
967 1691 1055 1777 quod
1077 1714 1188 1755 omnes
1217 1692 1358 1756 artifices
1388 1694 1422 1756 in
1451 1717 1568 1758 scaena

418 1793 502 1857 dant
518 1815 659 1879 operam.
690 1795 724 1855 in
739 1792 905 1857 orchestra
919 1803 1030 1856 autem
1045 1803 1231 1857 senatorum
1248 1803 1323 1857 sunt
1345 1794 1479 1860 sedibus
1495 1797 1566 1861 loca
1586 1808 1617 1856 10

421 1895 611 1978 designata,
635 1895 752 1957 eteius
768 1893 888 1981 pulpiti
902 1894 1042 1959 altitudo
1058 1896 1102 1959 sit
1116 1917 1157 1958 ne
1171 1893 1244 1982 plus
1267 1893 1388 1980 pedum
1410 1899 1565 1984 quinque,

419 1997 469 2059 uti
486 1996 591 2082 quiin
613 1996 779 2059 orchestra
801 1995 957 2078 sederint,
981 2005 1129 2083 spectare
1151 1996 1278 2083 possint
1300 1999 1444 2060 omnium
1466 2022 1564 2085 agen-

418 2099 501 2161 tium
524 2105 647 2181 gestus.
693 2098 789 2160 cunei
811 2096 1073 2183 spectaculorum
1094 2099 1130 2160 in
1152 2098 1279 2162 theatro
1302 2099 1349 2161 ita
1371 2098 1564 2165 dividantur

418 2200 468 2262 uti
497 2197 611 2282 anguli
640 2200 859 2283 trigonorum,
889 2200 946 2285 qui
969 2209 1104 2264 currunt
1126 2202 1248 2264 circum
1271 2208 1480 2264 curvaturam
1502 2205 1562 2266 cir-

416 2301 610 2381 cinationis,
640 2299 784 2385 dirigant
811 2322 966 2365 aseensus
990 2299 1161 2387 scalasque
1182 2301 1268 2364 inter
1290 2321 1409 2366 cuneos
1431 2302 1474 2365 ad
1496 2306 1562 2390 pri-
1583 2317 1613 2364 15

415 2423 503 2463 mam
527 2403 817 2486 praecinctionem,
847 2425 945 2489 supra
973 2412 1083 2466 autem
1112 2401 1245 2466 alternis
1268 2402 1441 2468 itineribus
1465 2428 1559 2492 supc-

378 2523 395 2570 3
414 2503 519 2565 riores
542 2506 636 2566 cunei
658 2503 758 2566 medii
781 2501 974 2587 dirigantur.
1021 2505 1050 2566 ci
1078 2514 1187 2568 autem
1209 2505 1266 2590 qui
1288 2514 1364 2568 sunt
1385 2506 1420 2568 in
1441 2506 1507 2570 imo
1530 2516 1563 2579 et

416 2602 566 2688 dirigunt
593 2604 745 2688 scalaria,
776 2614 870 2668 erunt
901 2627 1036 2669 numero
1065 2624 1117 2670 v11
1124 2655 1133 2687 ,
1162 2603 1280 2691 reliqui
1308 2606 1450 2693 quinque
1471 2630 1559 2671 scae-

414 2727 478 2767 nae
505 2692 726 2790 designabunt
753 2707 1039 2792 compositionem,
1069 2717 1101 2768 et
1128 2728 1210 2769 unus
1239 2706 1365 2771 medius
1389 2718 1502 2772 contra
1524 2731 1559 2773 se

414 2805 531 2869 valvas
559 2810 666 2892 regias
691 2806 810 2870 habere
833 2808 946 2888 debet,
976 2809 1087 2893 etqui
1110 2816 1204 2870 erunt
1226 2806 1344 2870 dextra
1366 2831 1404 2871 ac
1426 2811 1559 2874 sinistra
1576 2821 1609 2870 20

413 2907 663 2996 hospitaliorum
683 2909 903 2995 designabunt
931 2910 1213 2996 compositionem,
1238 2911 1376 2973 extremi
1398 2909 1463 2976 duo
1487 2936 1558 3000 spe-

412 3010 552 3074 ctabunt
573 3013 691 3075 itinera
713 3034 931 3076 versurarum.
974 3010 1097 3096 gradus
1120 3010 1378 3098 spectaculorum
1400 3012 1459 3077 ubi
1481 3014 1557 3078 sub-

411 3111 508 3175 sellia
536 3123 771 3199 componantur
797 3136 838 3176 ne
860 3116 967 3177 minus
990 3112 1050 3177 alti
1072 3113 1138 3177 sint
1160 3112 1284 3199 palmo,
1313 3134 1354 3175 ne
1375 3111 1449 3199 plus
1465 3115 1556 3201 pede

411 3223 444 3278 et
473 3213 588 3298 digitis
615 3237 690 3296 sex,
719 3215 910 3280 latitudines
939 3237 1051 3279 eorum
1078 3237 1120 3278 ne
1141 3215 1214 3302 plus
1236 3208 1334 3301 pedes
1358 3214 1422 3281 duo
1445 3219 1555 3300 semis,

371 3332 452 3379 4ne
480 3318 589 3381 minus
617 3316 715 3403 pedes
745 3316 808 3382 duo
837 3319 1087 3381 constituantur.
1143 3325 1266 3380 tectum
1292 3318 1436 3403 porticus
1465 3319 1552 3406 quod
1571 3328 1623 3378 vll

409 3416 558 3482 futurum
585 3429 634 3481 cst
661 3420 697 3482 in
724 3441 851 3483 summa
877 3398 1086 3503 gradatione,
1115 3441 1188 3482 eum
1216 3440 1354 3483 scaenae
1380 3418 1554 3486 altitudine
1572 3432 1605 3479 26

479 3642 623 3704 lparibus
643 3643 676 3692 G:
702 3643 829 3707 partibus
846 3645 875 3692 H
892 3641 971 3707 (Lis).
996 3639 1008 3708 ll
1034 3642 1168 3692 lateribus
1187 3640 1221 3691 'et
1241 3642 1400 3693 intervallis
1417 3659 1488 3709 quae
1507 3662 1552 3696 ex·

406 3730 526 3797 tremam
544 3727 614 3775 doe:
634 3726 769 3776 lateribus
787 3724 1113 3790 intervallislextremam
1131 3727 1168 3791 H,
1187 3726 1322 3798 lateribus
1335 3729 1490 3779 intervallis
1508 3748 1552 3780 ex-

405 3816 523 3859 tremam
540 3809 544 3871 Ι
562 3811 591 3860 G.
614 3807 626 3876 ΙΙ
649 3814 664 3859 ‘a’
684 3809 871 3860 circinationis
892 3812 913 3860 G
931 3809 996 3874 (ἠΰτ
1025 3827 1108 3863 -nes
1132 3813 1160 3860 H
1185 3810 1244 3876 (hle
1267 3820 1291 3861 et
1310 3819 1369 3862 ante
1392 3829 1460 3863 corr.
1479 3814 1516 3877 k).
1537 3813 1549 3881 ll

406 3894 552 3943 duodecim
571 3896 599 3943 H
617 3893 700 3958 (hle):
720 3895 782 3943 XII.
803 3895 831 3944 G.
855 3892 866 3960 ΙΙ
889 3895 1078 3961 3astrologia
1096 3897 1174 3949 Lon:
1200 3896 1333 3960 astrologi
1352 3897 1497 3961 (astralogi
1518 3901 1548 3963 G)

407 3978 467 4035 GH.
492 3973 504 4043 Η
528 3982 664 4045 5saeeno
686 3987 746 4029 ante
763 3995 816 4029 ras.
840 3979 942 4045 (scene)
964 3980 993 4031 G.
1018 3977 1030 4045 ΙΙ
1054 3996 1108 4044 qua
1129 3982 1199 4031 doe:
1224 3995 1293 4045 quae
1320 3978 1384 4046 (quo
1404 3982 1435 4044 θ)
1455 3982 1514 4037 GH.
1535 3980 1547 4049 ll

384 4045 534 4128 ³procedit
560 4064 598 4114 ch.
625 4060 636 4128 ΙΙ
664 4065 679 4112 6
702 4063 815 4113 finiatur
838 4064 860 4113 G
882 4063 942 4129 (L):
969 4063 1099 4114 finiantur
1126 4067 1155 4114 H
1178 4063 1232 4129 (le).
1255 4059 1268 4129 ss
1296 4064 1443 4131 9inseona
1467 4066 1489 4116 G
1511 4066 1549 4131 (in

405 4178 509 4213 scaena
529 4164 578 4228 L):
596 4165 625 4213 in
644 4180 732 4215 caena
751 4166 778 4213 H
796 4155 877 4228 (cena
895 4166 937 4223 eh,
957 4167 1022 4214 eene
1040 4169 1069 4229 l).
1092 4162 1106 4231 [l
1129 4168 1160 4215 10
1178 4156 1289 4235 {edibus
1313 4164 1356 4214 ΗΟ.
1377 4162 1389 4231 ΙΙ
1419 4167 1450 4216 14
1468 4168 1548 4217 circi·

405 4265 530 4315 nationis
544 4263 634 4330 G(L):
654 4280 735 4315 -nes
747 4268 776 4314 H
794 4264 848 4330 (lo).
860 4262 872 4331 ΙΙ
885 4269 916 4316 17
936 4269 975 4317 ei:
993 4268 1023 4316 hi
1037 4267 1094 4316 GH.
1108 4262 1119 4332 ΙΙ
1132 4269 1163 4317 19
1177 4256 1304 4337 contraie
1318 4266 1361 4319 6⁶.
1376 4262 1388 4333 ll
1404 4270 1437 4318 20
1449 4268 1548 4319 dextra

405 4366 442 4398 ac
453 4350 567 4399 sinistra
579 4352 634 4399 edi:
654 4349 750 4398 dextra
763 4351 876 4400 sinistra
887 4351 937 4400 GH
950 4351 992 4414 (le,
1006 4351 1103 4402 dextra
1116 4351 1281 4415 sinistraque
1294 4349 1341 4412 L).
1357 4348 1369 4418 Η
1385 4354 1416 4401 21
1425 4352 1546 4418 hospita·

403 4435 516 4483 liorum:
529 4436 567 4483 sic
578 4434 635 4483 GH.
648 4431 660 4500 ΙΙ
672 4437 704 4485 23
714 4440 911 4499 componantur
920 4435 1021 4500 gradus
1031 4451 1064 4485 ne
1076 4437 1164 4485 minus
1178 4474 1183 4485 .
1197 4478 1202 4489 .
1214 4475 1221 4488 .
1233 4436 1282 4485 GH
1293 4432 1437 4501 (repetitam
1446 4438 1547 4501 gradus

404 4521 455 4571 del.
474 4520 540 4576 doe„
558 4522 606 4568 sed
620 4520 734 4580 fortasse
750 4522 823 4583 prius
839 4522 903 4570 illud
913 4536 948 4570 ex
959 4521 1063 4569 rubrica
1075 4528 1113 4569 est
1126 4520 1246 4585 „gradus
1259 4520 1518 4585 spectaculorum“),
1532 4520 1543 4587 ll

404 4602 505 4667 palmo,
526 4620 561 4652 ne
580 4602 640 4667 plns
659 4604 726 4669 pede
745 4604 821 4667 (reo,
845 4620 867 4653 e.
882 4621 908 4669 9.
928 4607 984 4655 cod.
1004 4604 1118 4663 Aroad„
1142 4603 1233 4669 palmo
1252 4604 1321 4669 pede
1339 4620 1374 4654 ne
1393 4604 1454 4670 plus
1472 4606 1543 4670 pede

403 4687 485 4751 Joc.):
505 4687 597 4751 palmo
616 4688 684 4752 pede
703 4689 755 4737 GH
771 4687 866 4751 (Lleh).
881 4686 894 4754 ΙΙ
910 4692 942 4738 24
960 4688 1057 4753 digitis
1075 4703 1123 4737 sex
1141 4690 1181 4738 ed.
1195 4685 1282 4751 (rec.):
1302 4689 1401 4755 digitos
1418 4705 1468 4741 sex
1486 4698 1545 4742 ante

403 4787 459 4824 ras.
480 4772 509 4831 G,
530 4771 617 4837 digito
635 4787 681 4821 sex
699 4774 727 4821 H
745 4771 861 4835 (dohec).
883 4770 895 4838 Η
918 4774 950 4823 25
968 4773 1054 4823 Tetra
1072 4781 1131 4823 ante
1149 4789 1217 4824 corr.
1240 4774 1269 4824 G.
