3984 5825
516 682 576 745 134
1005 696 1159 742 rrrnuvu

511 852 662 935 inperitis
685 852 727 913 sit
750 847 1033 928 comrnittendum,
1063 849 1151 934 ipsos
1182 849 1290 934 potius
1319 843 1500 932 digniores¹
1517 869 1589 911 esse
1613 847 1658 910 ad

514 975 605 1017 suam
627 950 829 1015 voluntatem
851 972 947 1035 quam
968 950 1012 1012 ad
1033 947 1173 1011 alienam
1195 951 1351 1035 pecuniae
1366 971 1555 1017 consumere
1570 971 1659 1012 surn-

514 1076 610 1116 mam.
654 1054 766 1138 itaque
786 1073 881 1115 nemo
903 1060 1008 1115 artem
1029 1049 1128 1113 ullam
1149 1048 1247 1114 aliam
1270 1060 1404 1114 conatur
1426 1051 1515 1115 domi
1537 1050 1693 1131 feceras

514 1157 563 1218 uti
586 1157 744 1218 sutrinam
774 1152 962 1217 fullonicam
989 1161 1046 1215 aut
1069 1174 1110 1214 ex
1133 1153 1249 1216 ceteris
1278 1174 1360 1238 quae
1383 1163 1457 1216 sunt
1480 1151 1659 1233 faciliores,

481 1257 578 1320 snisi
600 1255 867 1337 architecturam,
895 1254 970 1318 ideo
993 1253 1081 1339 quod
1104 1255 1160 1340 qui
1182 1254 1374 1340 profitentur
1399 1276 1466 1318 non
1487 1263 1558 1318 arte
1579 1276 1660 1316 vera

516 1357 574 1421 sed
596 1356 679 1421 salso
700 1358 909 1419 nominantur
935 1354 1116 1419 architecti.
1162 1377 1241 1441 quas
1270 1355 1312 1420 ob
1339 1377 1391 1420 res
1415 1378 1531 1442 corpus
1554 1355 1659 1419 archi-

514 1469 660 1523 tecturae
675 1460 883 1542 rationesque
904 1459 973 1521 eius
994 1459 1109 1543 putavi
1124 1456 1376 1541 diligentissime
1393 1456 1659 1537 conscribendae,

516 1562 652 1645 opinans
675 1560 710 1622 id
731 1582 849 1623 munus
872 1559 1023 1623 omnibus
1050 1559 1202 1642 gentibus
1224 1580 1289 1623 non
1311 1560 1478 1644 ingratum
1499 1558 1659 1623 futurum.

516 1663 617 1746 igitur
639 1662 793 1746 quoniam
820 1662 855 1723 in
877 1661 990 1747 quinto
1013 1659 1054 1722 de
1076 1662 1319 1746 opportunitate
1342 1662 1561 1725 communium
1584 1681 1660 1746 ope-

468 1779 499 1825 10
516 1787 588 1827 rum
621 1763 816 1849 perscripsi,
850 1762 884 1825 in
912 1762 974 1826 hoc
1001 1761 1168 1826 volumine
1199 1763 1402 1848 privatorum
1435 1761 1661 1827 aedificiorum

516 1865 780 1929 ratiocinationes
804 1873 835 1926 ct
857 1886 1060 1928 commensus
1084 1866 1346 1951 symmetriarum
1369 1863 1551 1950 explicabo

486 1981 500 2028 1
602 1965 694 2029 Haec
715 1975 824 2029 autem
846 1968 893 2028 ita
915 1975 1011 2029 crunt
1031 1975 1120 2028 recte
1142 1965 1312 2052 disposita,
1336 1967 1365 2030 si
1388 1967 1491 2051 primo
1513 1966 1661 2028 animad-
1683 1977 1697 2023 1

516 2090 648 2131 versum
671 2066 772 2130 suerit
799 2066 918 2151 quibus
945 2067 1134 2150 regionibus
1162 2077 1219 2130 aut
1247 2067 1364 2152 quibus
1393 2064 1663 2132 inclinationibus

516 2169 629 2232 mundi
646 2168 893 2231 constituantur.
931 2190 1072 2254 namque
1086 2167 1182 2232 aliter
1196 2168 1360 2255 AegyptO,
1376 2166 1473 2231 aliter
1488 2168 1663 2255 Hispania,

467 2287 498 2333 15
516 2293 581 2333 non
609 2268 722 2331 eodem
748 2267 845 2330 modo
872 2269 993 2349 Ponto,
1028 2268 1232 2334 dissimiliter
1259 2269 1397 2350 Romae,
1430 2271 1510 2334 item
1544 2271 1664 2334 ceteris

517 2381 676 2435 terrarum
699 2378 731 2432 et
753 2370 922 2452 regionum
949 2370 1205 2457 proprietatibus
1233 2380 1381 2456 oportere
1409 2370 1565 2435 videntur
1587 2393 1664 2436 con-

519 2473 612 2535 stitui
633 2492 753 2554 genera
774 2470 1013 2553 aedificiorum,
1048 2471 1135 2558 quod
1162 2472 1227 2535 alia
1253 2481 1344 2559 parte
1367 2471 1445 2537 solis
1469 2494 1569 2556 cursu
1590 2496 1664 2560 pre—

518 2573 618 2636 mitur
638 2570 751 2652 tellus,
780 2572 845 2636 alia
866 2573 962 2657 longe
983 2572 1026 2636 ab
1049 2596 1086 2639 eo
1109 2574 1225 2656 distat,
1248 2573 1312 2637 alia
1333 2596 1392 2660 per
1413 2574 1560 2638 medium
1582 2586 1664 2639 tem-

517 2683 660 2760 peratur.
705 2674 806 2757 igitur
828 2675 877 2738 uti
899 2677 1089 2740 constitutio
1118 2674 1233 2739 mundi
1254 2675 1297 2739 ad
1319 2686 1425 2740 terrae
1447 2679 1592 2763 spatium
1614 2679 1665 2740 in-

468 2794 501 2840 10
519 2775 694 2838 clinatione
722 2775 872 2860 signiferi
900 2775 1015 2840 circuli
1037 2787 1069 2840 et
1092 2777 1169 2841 solis
1194 2799 1290 2859 cursu
1313 2777 1500 2863 disparibus
1524 2769 1665 2865 qualita-

519 2876 607 2942 tibus
630 2876 823 2942 naturaliter
845 2887 894 2942 est
917 2876 1094 2961 conlocata,
1117 2879 1161 2943 ad
1183 2879 1321 2943 eundem
1342 2878 1476 2944 modum
1498 2881 1599 2944 etiam
1620 2881 1667 2944 ad

519 2981 688 3063 regionum
713 2981 856 3044 rationes
884 2979 1031 3065 caelique
1053 2983 1230 3045 varietates
1257 2981 1412 3045 videntur
1438 2981 1667 3046 aedificiorum

520 3081 639 3144 debere
661 3080 760 3165 dirigi
782 3081 1031 3147 conlocationes.
1069 3082 1129 3147 sub
1153 3083 1373 3168 septentrione
1394 3082 1546 3146 aedificia
1559 3093 1702 3148 testu-a

520 3182 632 3245 dinata
655 3192 687 3246 et
708 3184 851 3246 maxime
874 3183 1026 3247 conclusa
1054 3194 1085 3248 et
1107 3207 1173 3248 non
1195 3184 1339 3269 patentia
1361 3183 1419 3248 sed
1441 3205 1599 3249 conversa
1620 3186 1667 3249 ad

469 3302 502 3349 25
520 3283 643 3346 calidas
665 3292 774 3368 partes
796 3294 945 3371 oportere
967 3285 1039 3348 fieri
1060 3286 1225 3348 videntur.
1258 3295 1371 3350 contra
1391 3294 1500 3349 autem
1521 3285 1583 3351 sub
1604 3288 1666 3350 im-

521 3394 598 3470 petu
621 3382 699 3447 solis
721 3385 911 3449 meridianis
939 3385 1145 3470 regionibus,
1175 3385 1262 3471 quod
1289 3395 1481 3473 premuntur
1502 3408 1522 3449 a
1544 3385 1667 3471 calore,

520 3486 703 3570 patentiora
730 3507 951 3573 conversaque
978 3488 1021 3551 ad
1049 3488 1305 3573 septentrionem
1328 3498 1359 3552 et
1380 3486 1566 3574 aquilonem
1589 3500 1669 3554 sunt

519 3584 684 3648 faciunda.
709 3588 882 3672 ita'quod
903 3587 990 3652 ultra
1016 3599 1132 3654 natura
1160 3587 1277 3671 laedit,
1305 3599 1375 3653 arte
1403 3592 1465 3653 erit
1487 3586 1667 3655 emendan-

475 3766 481 3772 -
521 3685 609 3749 dum.
652 3688 731 3749 item
745 3686 879 3773 reliquis
894 3690 1084 3773 regionibus
1105 3689 1148 3753 ad
1168 3689 1308 3753 eundem
1322 3690 1456 3754 modum
1470 3700 1667 3779 temperata,

471 3817 504 3864 30
522 3788 793 3875 quemadmodum
831 3790 956 3853 caelum
993 3801 1044 3855 cst
1081 3793 1124 3855 ad
1161 3790 1403 3856 inclinationem
1441 3793 1556 3858 mundi
1589 3816 1668 3859 con·

521 3889 673 3953 locatum.
786 3885 793 3892 “

606 3991 698 4055 Haec
725 4001 834 4055 autem
863 4015 903 4056 ex
930 4003 1048 4058 natura
1075 4017 1182 4059 rerum
1208 4005 1284 4059 sunt
1310 3995 1605 4061 animadvertenda
1634 4009 1669 4062 et
1689 4010 1717 4059 3*

522 4092 758 4157 consideranda
778 4104 876 4181 atque
898 4094 996 4159 etiam
1019 4118 1061 4159 ex
1076 4096 1230 4161 membris
1247 4096 1502 4183 corporibusque
1516 4101 1670 4184 gentium

591 4320 607 4366 8
625 4316 653 4365 id
668 4325 767 4365 munus
786 4319 839 4367 ed:
862 4318 990 4368 inmunns
1008 4319 1087 4368 EGH
1104 4317 1148 4382 (Ie,
1168 4319 1220 4369 hoc
1238 4335 1335 4370 munus
1354 4321 1390 4378 L,
1413 4336 1512 4371 munus
1535 4324 1620 4373 deleto
1639 4325 1672 4373 in

525 4400 579 4461 G0).
602 4396 614 4464 ΙΙ
638 4401 668 4447 11
688 4402 887 4452 rationationes
904 4410 964 4453 onte
980 4419 1050 4453 corr.
1069 4403 1106 4451 H.
1129 4398 1141 4466 ΙΙ
1165 4404 1292 4453 151ter1'1
1314 4404 1340 4453 E
1363 4403 1416 4466 (lte
1435 4405 1477 4468 0).
1500 4402 1513 4472 11
1538 4407 1672 4457 19111011-

523 4485 635 4534 natione
653 4486 692 4534 ed.
712 4485 801 4549 (ree.):
820 4488 848 4536 in
866 4487 1048 4537 inclinatione
1066 4486 1152 4540 EGH.
1173 4483 1185 4553 ΙΙ
1205 4490 1238 4537 23
1257 4488 1428 4540 conlotiones
1440 4496 1500 4539 ante
1518 4507 1587 4543 corr.
1602 4492 1641 4541 H.
1656 4491 1668 4554 ll

524 4570 557 4616 24
574 4568 699 4630 potentia
717 4570 742 4617 E
760 4570 823 4632 (non
842 4571 882 4634 G).
898 4568 911 4638 ss
927 4573 959 4621 26
977 4571 1089 4635 regibus
1106 4579 1165 4621 ante
1177 4588 1246 4622 corr.
1266 4572 1288 4622 G
1306 4571 1368 4635 (non
1379 4574 1427 4637 E).
1447 4571 1459 4638 ΙΙ
1481 4576 1517 4624 28
1536 4575 1671 4625 faciunda

527 4651 578 4698 GH
586 4648 645 4712 (L):
659 4651 790 4701 facienda
799 4654 825 4702 E
834 4652 887 4717 (lc).
905 4651 917 4719 Η
940 4657 973 4705 18
983 4655 1068 4704 ultra:
1081 4658 1118 4705 aie
1131 4655 1219 4707 EGH.
1236 4652 1248 4722 ΙΙ
1264 4658 1297 4707 29
1307 4660 1462 4723 temperata
1473 4672 1522 4722 eqo
1534 4659 1673 4721 (-randa

525 4733 620 4795 Μαν.)1
647 4737 794 4797 temperari
813 4734 899 4792 EGH,
