3984 5825
527 662 586 724 1311
1015 675 1172 720 vrrnnvn

521 832 672 909 trionum,
697 831 766 892 sine
789 828 993 891 dubitatione
1013 827 1310 891 animadvertemus
1334 849 1375 890 ex
1397 849 1433 891 eo
1450 849 1521 891 esse
1537 828 1668 893 schema

520 931 655 1015 trigonii
683 929 820 1010 mundo,
849 929 897 993 uti
926 930 1040 1013 organi
1069 950 1165 1013 quam
1186 931 1365 1012 σαμβυκην
1393 927 1509 992 Graeci
1541 930 1667 994 dicunt.

521 1035 631 1118 itaque
654 1031 740 1116 quod
763 1040 812 1094 est
835 1031 977 1117 spatium
999 1030 1184 1115 proximum
1205 1031 1270 1094 imo
1294 1031 1421 1093 cardini
1435 1029 1477 1093 ab
1491 1032 1564 1094 axis
1580 1031 1700 1094 lineas

522 1136 556 1197 in
578 1131 769 1197 meridianis
790 1132 922 1213 finibus,
946 1131 1007 1195 sub
1031 1154 1068 1195 co
1090 1131 1160 1196 loco
1184 1154 1266 1218 quae
1282 1141 1356 1197 sunt
1373 1133 1518 1196 nationes
1534 1143 1669 1220 propter

488 1252 503 1298 5
521 1235 716 1299 brevitatem
738 1233 922 1298 altitudinis
950 1235 994 1297 ad
1015 1234 1173 1298 mundum
1195 1236 1337 1298 sonitum
1360 1235 1450 1297 vocis
1473 1234 1598 1299 faciunt
1620 1245 1667 1299 te·

522 1360 617 1401 nuem
641 1346 672 1400 et
694 1337 931 1417 acutissimum,
954 1337 1004 1399 uti
1027 1336 1061 1399 in
1076 1358 1197 1420 organo
1213 1335 1333 1399 chorda
1356 1357 1438 1420 quae
1454 1345 1503 1400 est
1518 1339 1668 1422 proxima

522 1438 651 1523 angulo.
689 1437 867 1503 secundum
890 1459 960 1500 eam
982 1449 1091 1501 autem
1114 1436 1258 1523 reliquae
1280 1437 1322 1500 ad
1337 1436 1477 1500 mediam
1494 1436 1667 1501 Graeciam

521 1541 721 1604 remissiores
745 1539 892 1603 efficiunt
914 1541 949 1601 in
970 1539 1158 1604 nationibus
1181 1560 1332 1602 sonorum
1360 1540 1562 1622 scansiones,
1589 1541 1668 1604 item

522 1665 542 1705 a
564 1640 670 1705 medio
693 1642 727 1704 in
749 1641 896 1704 ordinem
919 1641 1093 1705 crescendo
1115 1639 1158 1703 ad
1174 1648 1337 1704 extremos
1354 1642 1590 1726 septentriones
1607 1642 1669 1705 sub

474 1758 505 1805 lo
522 1743 711 1808 altitudines
741 1742 822 1806 caeli
851 1744 1020 1806 nationum
1048 1742 1183 1827 spiritus
1218 1741 1378 1806 sonitibus
1413 1743 1620 1827 gravioribus
1650 1767 1669 1807 a

522 1854 638 1908 natura
654 1867 762 1907 rerum
779 1846 1015 1930 exprimuntur.
1052 1846 1098 1908 ita
1121 1841 1252 1907 videtur
1273 1844 1388 1907 mundi
1410 1847 1579 1932 conceptio
1601 1855 1670 1910 tota

523 1955 656 2032 propter
678 1945 922 2010 inclinationem
945 1945 1236 2011 consonantissime
1251 1967 1309 2030 per
1324 1945 1401 2008 solis
1417 1955 1669 2032 temperaturam

523 2047 565 2110 ad
581 2047 783 2112 harmoniam
799 2069 869 2111 esse
885 2049 1074 2134 composita.
1112 2048 1212 2130 igitur
1229 2068 1311 2132 quae
1325 2049 1473 2111 nationes
1492 2058 1569 2113 sunt
1583 2049 1670 2112 inter
1690 2066 1705 2114 ‘1

523 2151 596 2212 axis
618 2149 791 2213 meridiani
814 2148 980 2213 cardinem
1002 2171 1040 2211 ac
1060 2147 1324 2235 septentrionalis
1338 2148 1447 2212 medio
1462 2150 1597 2236 positae,
1620 2152 1671 2214 uti

475 2264 505 2312 15
524 2252 558 2313 in
587 2249 821 2336 diagrammate
853 2253 977 2315 musico
1011 2251 1182 2314 medianae
1208 2251 1298 2314 vocis
1327 2249 1449 2314 habent
1471 2252 1613 2315 sonitum
1636 2253 1670 2315 in

524 2373 682 2433 sermone,
705 2374 852 2438 quaeque
874 2351 1161 2438 progredientibus
1184 2350 1226 2414 ad
1249 2355 1501 2437 septentrionem
1523 2362 1599 2418 sunt
1614 2375 1669 2417 na-

524 2454 647 2533 tiones,
671 2454 760 2538 quod
781 2452 911 2518 altiores
934 2453 1056 2518 babent
1078 2454 1250 2518 distantias
1272 2453 1315 2516 ad
1337 2444 1509 2538 mundum,
1533 2456 1669 2541 spiritus

525 2555 615 2617 vocis
644 2553 802 2619 habentes
830 2579 940 2622 umore
966 2556 1114 2643 repulsos
1142 2555 1185 2619 ad
1212 2555 1350 2643 hypatas
1374 2565 1406 2619 et
1427 2555 1670 2642 proslambano-

524 2677 652 2738 menon,
676 2677 695 2718 a
716 2666 833 2720 natura
854 2680 962 2723 rerum
984 2659 1094 2722 sonitu
1116 2658 1266 2741 graviore
1289 2667 1449 2742 coguntur
1463 2660 1521 2721 uti.
1556 2658 1671 2722 eadem

474 2756 690 2819 rorationes
712 2756 820 2823 medio
849 2758 1138 2846 progredientibus
1166 2756 1209 2821 ad
1235 2757 1407 2822 meridiem
1434 2769 1547 2844 gentes
1575 2782 1669 2846 para-

525 2867 673 2922 netarum
696 2869 908 2949 netarumque
930 2862 1152 2928 acutissimam
1175 2860 1299 2926 sonitus
1315 2862 1406 2927 vocis
1428 2860 1601 2948 perficiunt
1622 2871 1670 2926 te-

525 2962 694 3026 nuitatem.
738 2963 800 3029 hoc
821 2974 930 3029 autem
953 2986 1069 3029 verum
1091 2985 1178 3046 esse,
1209 2984 1251 3027 ex
1277 2962 1399 3028 umidis
1427 2973 1562 3027 naturae
1588 2962 1706 3033 loeis8

524 3064 677 3148 graviora
705 3064 776 3128 fieri
804 3077 836 3131 et
863 3088 906 3130 ex
931 3067 1071 3131 fervidis
1098 3066 1258 3146 acutiora,
1292 3064 1368 3130 licet
1395 3065 1442 3130 ita
1470 3065 1671 3151 experiendo

595 3274 720 3322 lacerna
738 3272 787 3323 EG
805 3270 845 3337 (1),
865 3288 977 3324 scaema
993 3269 1116 3339 110(sz
1140 3286 1245 3322 scaena
1266 3277 1326 3322 ante
1347 3287 1415 3322 corr.
1436 3272 1464 3321 H
1488 3269 1568 3337 (item,
1591 3289 1671 3338 prae-

525 3355 599 3404 misso
622 3358 665 3405 est
685 3372 734 3418 pro
756 3372 831 3420 esse,
849 3372 934 3409 scena
955 3374 983 3416 c,
1010 3372 1094 3425 scena
1115 3354 1151 3422 Ιι).
1175 3353 1187 3424 ΙΙ
1209 3359 1225 3407 2
1244 3356 1373 3423 trigonii:
1394 3359 1432 3408 sic
1453 3357 1539 3426 ΕΘΗ.
1563 3354 1576 3423 l}
1598 3373 1671 3408 sam·

526 3439 615 3487 bacen
643 3438 694 3488 ΘΗ
724 3440 782 3502 (ΕΙ,
814 3442 944 3492 sambuce
971 3443 1026 3506 ct),
1059 3441 1182 3493 sambore
1212 3442 1242 3497 Ε.
1271 3438 1285 3509 (Ι
1310 3445 1326 3493 3
1359 3441 1466 3492 cardini
1493 3442 1529 3491 L:
1557 3442 1670 3492 cardine

527 3521 606 3570 ΕΘΗ
624 3520 663 3585 (lc,
683 3524 811 3574 cardines
830 3528 860 3576 ct
878 3534 903 3576 et
921 3533 979 3582 ante
997 3542 1066 3577 corr.
1084 3528 1111 3589 1).
1134 3523 1147 3593 ΙΙ
1169 3529 1183 3577 7
1208 3530 1310 3576 autem:
1334 3542 1412 3577 axem
1432 3526 1456 3576 Ε
1474 3525 1534 3589 (non
1553 3524 1596 3589 G).
1618 3522 1631 3593 1(
1653 3528 1671 3577 8

527 3606 689 3657 scansiones
711 3609 782 3661 Joc:
810 3612 982 3663 concisiones
1004 3611 1042 3670 Ε,
1066 3612 1210 3661 cessiones
1235 3610 1268 3673 Θ,
1293 3611 1440 3662 cansiones
1463 3612 1491 3661 H
1513 3609 1672 3675 (cantiones

527 3690 593 3739 ater
610 3688 688 3757 [affl.
712 3689 725 3759 (Ι
748 3696 780 3744 10
799 3693 976 3747 altitudinesz
1003 3698 1040 3746 sic
1062 3696 1148 3747 ΕΘΗ.
1173 3691 1185 3762 (Ι
1208 3696 1345 3746 sonitibus
1366 3697 1422 3747 Joc.
1446 3694 1536 3759 (rec.):
1563 3696 1671 3746 sonitus

496 3843 499 3848 Ι
528 3772 606 3823 ΕΘΗ
637 3771 649 3841 (Ι
672 3791 701 3825 a:
719 3780 757 3827 sic
774 3778 860 3829 EGH.
884 3776 896 3846 (Ι
921 3782 952 3830 14
971 3779 1083 3830 cardine
1103 3780 1126 3829 Ε
1145 3777 1206 3843 (aaa
1225 3780 1265 3843 Θ).
1289 3776 1303 3847 ll
1326 3781 1439 3831 acFaa:
1459 3780 1493 3830 ab
1513 3780 1591 3830 ΕΘΗ
1610 3779 1670 3843 (Le,

528 3858 563 3908 ad
581 3858 610 3923 1).
633 3856 644 3927 Ι)
668 3862 700 3911 15
717 3861 746 3911 in
764 3863 965 3929 diagrammate
989 3865 1040 3915 Lc:
1063 3864 1139 3914 india
1158 3870 1309 3929 grammate
1334 3862 1468 3932 (gramsta
1491 3865 1529 3925 Ε,
1548 3868 1671 3931 gramsta

528 3942 563 4006 L)
577 3944 625 3995 ΕΘ
638 3943 692 4010 (Ε),
712 3947 789 3998 india
808 3955 963 4014 grammata
982 3945 1136 4013 (grilmata
1156 3948 1197 4011 Η)
1216 3949 1245 3997 Η
1264 3947 1318 4013 (tc).
1335 3946 1400 4016 [1016
1414 3949 1671 4015 progredientibus:

527 4030 565 4077 sic
591 4029 669 4079 ΕΘΗ
692 4027 760 4093 (item
782 4050 806 4083 a.
829 4032 884 4096 20).
912 4030 924 4098 ΙΙ
953 4035 984 4082 17
1004 4033 1075 4095 quod
1100 4033 1161 4082 GH:
1190 4046 1262 4096 quae
1286 4034 1319 4083 Ε.
1346 4030 1358 4097 1)
1386 4033 1420 4083 ad
1444 4033 1545 4084 mundis
1568 4035 1606 4083 L:
1635 4034 1673 4083 ad

528 4112 622 4165 mundi
643 4112 722 4164 ΕΘΗ
739 4114 793 4181 (1ο).
819 4112 832 4183 (Ι
860 4119 892 4167 18
914 4118 1034 4168 habente
1056 4126 1115 4168 ante
1138 4133 1205 4169 corr.
1226 4117 1255 4168 Θ.
1279 4114 1291 4183 (Ι
1319 4118 1430 4168 humore
1453 4118 1503 4172 L0:
1530 4118 1673 4168 humorem

529 4198 558 4246 Η
576 4198 637 4260 (cle),
656 4215 718 4248 —re
735 4200 761 4250 Ε
779 4199 799 4262 (1
817 4208 842 4251 et
859 4208 919 4251 ante
936 4218 1005 4251 corr.
1024 4199 1073 4265 Ε),
1092 4202 1232 4252 umoreG.
1256 4196 1268 4267 Ι)
1290 4201 1409 4266 hypatas
1427 4200 1485 4266 H(
1475 4200 1557 4282 (Ll:c)
1582 4203 1673 4267 hypa-

515 4258 571 4332 tos
589 4281 772 4347 (lrybatosE)
791 4285 848 4339 ΕΘ
871 4282 883 4353 Ι)
906 4286 1199 4351 proslambanomenon
1217 4286 1295 4336 Plit:
1314 4286 1615 4351 proslambanomenos
1633 4287 1671 4347 H,

528 4382 592 4431 pros
618 4367 748 4417 lambano
774 4384 869 4420 menos
896 4370 944 4420 ΕΘ
974 4369 1023 4437 (lc,
1051 4385 1114 4434 pros
1131 4370 1226 4420 lamba
1243 4386 1374 4422 nomenos
1399 4369 1443 4434 Ε).
1472 4368 1484 4437 ss
1512 4373 1543 4422 19
1568 4386 1673 4436 cogun-

530 4473 590 4518 tur.
604 4468 645 4517 uti
671 4471 765 4536 interp.
794 4471 856 4523 E⁶G
880 4469 964 4536 (Εἱο),
992 4478 1127 4539 coguntur
1154 4472 1194 4521 nti
1222 4471 1363 4525 eadem..
1377 4474 1458 4525 ‚sine
1480 4475 1574 4536 interp.
1600 4473 1635 4520 H.
1657 4469 1671 4538 Ι(

529 4556 562 4604 20
581 4569 596 4602 o
614 4554 704 4605 madio
721 4556 790 4605 F:ea
808 4556 897 4607 medio
917 4557 994 4608 ΕΘΗ
1012 4556 1064 4621 (LI,
1083 4557 1252 4617 modrumct,
1270 4556 1409 4621 medinic)
1375 4554 1453 4623 1)()
1476 4561 1673 4622 paranetarum

529 4643 709 4703 netarumque
726 4640 794 4691 Fea·
817 4645 1010 4705 paranetarum
1029 4656 1082 4705 qua
1100 4641 1178 4703 (-ri1
1198 4656 1268 4706 quae
1287 4639 1323 4706 Ε)
1346 4641 1432 4695 ΕΘΗ.
1455 4637 1523 4708 ((21
1547 4642 1672 4692 sonitus.

529 4722 566 4768 sic
586 4721 669 4771 ΕΘΗ.
