3984 5825
517 629 576 693 106
1006 641 1163 693 virauvn

513 808 656 879 tuantur,
679 799 728 861 uti
750 806 824 861 sunt
839 799 875 860 in
890 797 974 861 Iulia
989 807 1021 862 et
1038 796 1223 883 Aquiliana.
1261 795 1428 859 columnae
1444 794 1657 859 basilicarum
1675 815 1690 864 5
1719 785 1726 796 ’

512 912 580 965 tam
606 899 693 963 altae
721 921 818 984 quam
845 901 990 987 porticus
1024 898 1110 962 latae
1143 897 1266 961 fuerint
1292 896 1463 961 faciendae
1490 897 1658 978 videntur,

513 1003 668 1088 porticus,
692 1023 788 1086 quam
809 1002 953 1066 medium
976 1003 1118 1086 spatium
1140 999 1286 1063 futurum
1300 1007 1360 1079 est,
1384 1021 1426 1062 ex
1447 1000 1544 1063 tertia
1566 999 1659 1062 finia-

514 1114 576 1167 tur.
621 1101 789 1167 columnae
811 1104 992 1191 superiores
1015 1105 1159 1167 minores·
1179 1124 1275 1187 quam
1290 1100 1473 1182 inferiores,
1496 1103 1545 1166 uti
1561 1124 1660 1189 supra

480 1207 672 1291 ascriptum
695 1215 760 1286 est,
789 1207 1037 1269 constituantur.
1087 1204 1234 1291 pluteum
1256 1202 1344 1293 quod
1371 1203 1471 1266 suerit
1498 1205 1584 1267 inter
1606 1227 1658 1268 su-

514 1310 657 1395 periores
686 1317 718 1371 et
745 1306 917 1371 inferiores
947 1307 1130 1387 columnas,
1164 1307 1243 1368 item
1276 1314 1391 1390 quarta
1425 1315 1518 1391 parte
1549 1307 1659 1369 minus

430 1465 436 1472 .
515 1431 611 1495 quam
635 1409 818 1495 superiores
841 1408 1010 1474 columnae
1032 1410 1154 1473 fuerint
1177 1416 1325 1494 oportere
1347 1407 1418 1470 fieri
1438 1406 1587 1490 videtur,
1610 1410 1660 1471 uti

515 1534 612 1596 supra
634 1509 788 1573 basilicae
811 1513 1086 1595 contignationem
1109 1507 1312 1572 ambulantes
1335 1508 1377 1572 ab
1399 1510 1659 1592 negotiatoribus

514 1635 555 1675 ne
578 1613 829 1697 conspiciantur.
867 1612 1032 1698 epistylia,
1056 1610 1228 1697 zophoroe,
1252 1631 1387 1675 coronae
1401 1633 1444 1674 ex
1459 1611 1659 1696 symmetriis

465 1727 496 1774 10
515 1713 753 1794 columnarum,
776 1714 824 1776 uti
847 1715 882 1777 in
904 1716 1001 1778 tertio
1024 1714 1107 1777 libro
1131 1712 1292 1793 diximus,
1316 1710 1530 1798 explicentur.

597 1815 671 1879 Non
698 1816 804 1879 minus
833 1838 992 1879 summam
1019 1815 1214 1900 dignitatem
1243 1823 1274 1876 et
1296 1822 1499 1878 venustatem
1521 1824 1693 1900 possunts

513 1917 634 1981 babere
656 1917 912 2003 comparationes
934 1916 1144 1981 basilicarum
1166 1938 1229 2002 quo
1252 1936 1370 1999 genere
1386 1914 1540 1980 Coloniae
1555 1914 1660 1979 Iuliae

514 2019 665 2081 Fanestri
688 2017 856 2082 conlocavi
884 2020 1062 2104 curavique
1088 2017 1289 2100 faciendam,
1318 2018 1409 2082 cuius
1432 2018 1659 2105 proportiones

514 2129 546 2184 et
568 2120 777 2206 symmetriae
805 2121 853 2182 sic
880 2130 956 2183 sunt
984 2122 1192 2185 constitutae.
1236 2118 1387 2183 mediana
1414 2119 1544 2184 testudo
1574 2119 1660 2184 inter

368 2208 372 2264 Ῐ
465 2236 495 2284 15
515 2221 681 2287 columnas
715 2229 764 2284 est
802 2219 899 2305 longa
932 2221 1032 2308 pedes
1060 2239 1146 2305 cxx,
1179 2221 1246 2285 lata
1274 2221 1374 2307 pedes
1408 2239 1464 2285 Lx.
1514 2222 1658 2306 porticus

515 2326 584 2387 eius
601 2324 687 2385 circa
702 2321 900 2385 testudinem
914 2324 1000 2386 inter
1011 2325 1153 2410 parietes
1166 2332 1198 2386 et
1214 2321 1379 2387 columnas
1396 2322 1463 2386 lata
1480 2322 1581 2410 pedes
1599 2340 1658 2385 xx.

516 2424 684 2488 columnae
698 2423 929 2488 altitudinibus
944 2427 1110 2512 perpetuis
1126 2447 1199 2489 cum
1215 2424 1366 2511 capitulis
1381 2423 1503 2510 pedum
1518 2443 1550 2506 L,
1572 2445 1658 2487 cras-

415 2578 419 2582 .
514 2524 714 2591 situdinibus
737 2525 886 2610 quinum,
915 2525 1073 2591 habentes
1101 2537 1176 2613 post
1198 2549 1233 2592 sc
1255 2528 1468 2613 parastaticas
1497 2526 1580 2590 altas
1604 2549 1659 2612 pe-

515 2628 573 2691 des
596 2645 662 2708 xx,
686 2626 768 2690 latas
790 2627 889 2713 pedes
915 2645 941 2690 11
955 2646 990 2710 s,
1019 2650 1143 2692 crassas
1171 2647 1230 2710 IS,
1261 2650 1343 2716 quae
1366 2629 1527 2692 sustinent
1549 2627 1659 2692 trabes
1712 2673 1714 2677 ψ

464 2731 549 2813 supin
577 2731 693 2814 quibus
726 2729 925 2793 invehuntur
957 2731 1140 2816 porticuum
1174 2731 1447 2817 contignationes.
1497 2751 1661 2815 supraque

515 2853 569 2894 eas
602 2829 685 2894 aliae
717 2832 933 2918 parastaticae
966 2832 1087 2919 pedum
1120 2851 1225 2916 xvlfl,
1265 2831 1351 2896 latae
1384 2832 1495 2915 binos,
1528 2851 1661 2894 crassae

514 2933 646 3020 pedem,
676 2955 759 3019 quae
788 2936 957 3024 excipiunt
985 2937 1065 2999 item
1092 2934 1201 2998 trabes
1230 2936 1427 2999 sustinentes
1457 2932 1660 2998 cantherium

515 3044 547 3099 et
569 3037 768 3122 porticuum,
798 3058 881 3122 quae
908 3046 985 3100 sunt
1013 3038 1183 3101 summissa
1209 3036 1297 3100 inira
1318 3036 1531 3116 testudinem,
1560 3044 1657 3099 tecta.

514 3137 640 3222 reliqua
662 3139 769 3224 spatia
790 3138 875 3201 inter
896 3140 1168 3224 parastaticarum
1184 3149 1216 3202 et
1231 3137 1453 3203 columnarum
1474 3136 1583 3200 trabes
1599 3153 1695 3222 pert

464 3252 497 3300 25
514 3238 762 3302 intercolumnia
788 3238 963 3303 luminibus
992 3249 1068 3304 sunt
1094 3239 1217 3305 relicta.
1243 3237 1430 3304 'columnae
1459 3240 1592 3304 suntin
1613 3236 1657 3300 la-

515 3339 656 3403 titudine
677 3340 852 3405 testudinis
881 3364 955 3404 cum
984 3341 1195 3425 angularibus
1224 3341 1341 3406 dextra
1364 3363 1402 3405 ac
1424 3343 1558 3405 sinistra
1579 3362 1657 3426 qua-

515 3451 643 3523 ternae,
677 3442 712 3504 in
738 3440 942 3526 longitudine
977 3465 1060 3529 quae
1089 3453 1151 3507 est
1165 3442 1236 3508 foro
1262 3445 1414 3530 proxima
1447 3464 1521 3507 cum
1553 3442 1658 3507 isdem

583 3749 687 3800 lIulia
705 3755 733 3800 et
754 3750 906 3815 Aquiliana
924 3753 1021 3806 Hebes:
1045 3752 1114 3803 iulia
1132 3754 1273 3819 aquiliana
1294 3754 1352 3804 GH.
1378 3748 1391 3819 ΙΙ
1416 3756 1432 3803 3
1451 3753 1503 3817 qua
1523 3752 1658 3804 medium:

513 3870 551 3919 sic
570 3868 629 3921 GH.
652 3866 664 3934 ΙΙ
687 3871 703 3919 9
720 3870 965 3936 neccnspiciantur
983 3870 1082 3934 (nacon
1100 3886 1140 3937 sp.
1159 3856 1214 3936 Hc)
1233 3874 1264 3921 H
1281 3869 1363 3935 (Llc):
1383 3885 1435 3920 nec
1455 3836 1659 3935 conspiiidntnr

516 3988 544 4038 G.
568 3983 580 4052 ΙΙ
603 3980 740 4052 zophoroe
758 4004 805 4053 epo
828 3987 897 4053 (-ri
914 3988 997 4054 Joc.):
1026 3991 1147 4055 zophora
1169 3991 1227 4043 GH.
1252 3986 1264 4056 ΙΙ
1288 3958 1316 4056 dt
1338 3988 1497 4039 sinmetriis
1522 3989 1565 4040 G0.
1590 3985 1602 4056 ΙΙ
1626 3992 1659 4043 10

476 4082 490 4104 0
514 4073 555 4120 uti
573 4072 614 4124 in:
632 4074 670 4123 sic
688 4073 746 4123 GH.
763 4069 776 4140 ll
793 4075 824 4123 12
843 4072 950 4140 colonie
970 4075 1003 4123 G:
1023 4075 1178 4125 cohrmniae
1197 4075 1225 4123 H
1238 4073 1280 4139 (h.
1300 4073 1442 4124 columnae
1461 4072 1501 4123 ich
1520 4071 1584 4143 [υ[],
1613 4090 1657 4126 co-

514 4157 664 4222 rumnraoi
676 4173 762 4224 ruitae
775 4174 819 4237 a).
831 4171 843 4241 [t
861 4176 892 4224 ra
907 4163 1024 4241 fenestre
1043 4176 1085 4225 cc.
1109 4173 1120 4241 l
1143 4176 1300 4227 faciendam
1319 4176 1347 4225 a
1366 4174 1450 4241 (suu
1469 4174 1567 4224 -dum
1592 4177 1621 4226 c.
1643 4175 1655 4241 u

468 4271 473 4279 ·
515 4309 546 4359 17
566 4306 720 4358 altitudinis
737 4312 806 4360 solua
824 4309 859 4359 G⁶
878 4309 925 4394 (sic
942 4250 1135 4375 altitudiirilb).
1152 4306 1164 4377 Η
1181 4310 1280 4375 pedum
1297 4313 1321 4361 L
1339 4312 1411 4362 loa:
1431 4310 1516 4376 pedes
1528 4312 1552 4360 L
1572 4310 1629 4360 GH.
1643 4311 1656 4376 ll

514 4427 546 4475 19
564 4425 638 4475 raus
656 4429 711 4476 eu:
729 4426 805 4477 ratae
824 4426 896 4493 (aa
916 4426 948 4491 a)
969 4428 1027 4478 aa.
1051 4424 1063 4494 ιι
1083 4428 1145 4479 11⁵<
1229 4429 1288 4487 υς,
1306 4430 1343 4480 so
1363 4428 1416 4480 aa
1432 4399 1504 4494 (iis
1522 4428 1578 4492 sc).
1594 4424 1607 4494 ιι
1623 4430 1656 4479 21
1696 4445 1700 4449 -

513 4512 684 4589 parastatiise
705 4525 747 4581 G0.
763 4524 775 4593 ΙΙ
791 4527 885 4579 XVIII
903 4528 953 4579 GH
972 4527 1024 4593 (Ll,
1043 4529 1150 4581 XVIIII
1167 4531 1218 4595 ct).
1235 4528 1248 4597 ΙΙ
1264 4531 1344 4582 binos
1357 4531 1441 4581 Man:
1460 4530 1554 4580 binum
1574 4528 1658 4594 (-ni'1

515 4607 547 4672 G)
568 4609 625 4659 GH.
648 4608 660 4675 ΙΙ
683 4612 715 4660 23
733 4613 885 4675 porticuum
901 4613 973 4663 lca:
991 4614 1127 4678 porticum
1146 4613 1225 4678 (—ci1
1244 4614 1276 4679 G)
1297 4616 1354 4667 GH.
1374 4612 1387 4682 Ι]
1409 4616 1442 4665 25
1459 4614 1607 4667 latitudine
1621 4614 1657 4664 G:

515 4690 661 4744 altitudine
678 4694 709 4742 Η
726 4691 787 4758 (ct).
812 4691 824 4761 ΙΙ
847 4697 879 4746 27
896 4696 955 4746 iude
974 4696 1003 4756 G,
1021 4696 1129 4749 hisdem
1146 4699 1175 4747 H
1194 4697 1274 4763 (Ltc).
