3984 5825
750 679 797 725 nn
820 677 1087 726 aucurrncruna
1111 680 1176 728 mn.
1199 685 1232 725 x.
1501 662 1565 727 265

410 834 579 899 habentes
602 834 688 896 circa
710 831 833 896 frontes
856 831 974 895 affixas
996 833 1114 918 pinnas
1137 855 1253 919 aquam
1269 840 1450 917 tangentes.
1484 833 1565 896 item

413 936 547 999 medius
570 936 643 998 axis
665 935 701 997 in
721 933 830 997 media
858 936 936 997 navi
958 934 1059 999 habet
1085 944 1277 1022 tympanum
1306 956 1379 997 cum
1399 957 1464 998 uno
1487 935 1563 998 den-

415 1036 521 1102 ticulo
544 1038 670 1100 extanti
693 1046 786 1101 extra
809 1059 901 1100 suam
922 1036 1166 1101 rotunditatem.
1201 1038 1244 1101 ad
1267 1058 1340 1100 eum
1362 1035 1468 1100 locum
1490 1059 1563 1101 con-

415 1138 546 1203 locatur
560 1136 811 1202 loculamentum
826 1138 949 1202 habens
965 1138 1127 1203 inclusum
1141 1141 1176 1203 in
1191 1161 1225 1202 se
1236 1150 1437 1225 tympanum,
1454 1160 1564 1225 perae-

418 1241 529 1327 quatis
553 1238 707 1304 dentibus
723 1257 806 1304 cccc
830 1240 1100 1305 convenientibus
1124 1240 1287 1306 denticulo
1307 1242 1457 1327 tympani
1479 1240 1565 1326 quod
1583 1254 1599 1303 5

419 1352 472 1407 est
500 1344 535 1405 in
560 1362 623 1404 axe
652 1339 823 1406 inclusum.
867 1352 1035 1429 praeterea
1062 1343 1105 1406 ad
1133 1342 1217 1408 latus
1239 1342 1377 1406 affixum
1400 1352 1566 1406 extantem

381 1457 398 1504 6
420 1452 516 1507 extra
537 1441 769 1508 rotunditatem
792 1443 930 1509 alterum
952 1445 1084 1508 dentem
1098 1468 1209 1509 unum.
1251 1447 1385 1531 insuper
1406 1445 1441 1507 in
1462 1443 1565 1508 altero

420 1544 638 1610 loculamento
662 1568 734 1608 cum
757 1568 794 1610 eo
817 1546 945 1611 confixo
968 1546 1128 1612 inclusum
1150 1557 1342 1635 tympanum
1368 1545 1502 1633 planum
1523 1545 1566 1609 ad

420 1646 561 1712 eundem
583 1648 715 1712 modum
737 1648 915 1730 dentatum,
940 1648 1209 1714 convenientibus
1232 1648 1384 1713 dentibus
1401 1646 1565 1711 denticulo

421 1750 480 1834 qui
502 1758 551 1812 est
579 1748 621 1811 ad
651 1747 736 1812 latus
757 1749 842 1814 fixus
865 1760 1023 1839 tympano
1052 1751 1138 1837 quod
1166 1761 1215 1815 est
1237 1751 1272 1813 in
1294 1749 1396 1814 cultro
1419 1749 1564 1814 conloca·
1585 1765 1616 1812 10

420 1861 502 1932 tum,
525 1851 573 1914 ita
593 1858 630 1914 ut
653 1872 707 1914 eos
730 1850 844 1916 dentes
868 1854 923 1939 qui
946 1861 1023 1916 sunt
1044 1853 1135 1939 plani
1161 1853 1310 1939 tympani
1332 1851 1470 1936 singulis
1493 1873 1565 1914 ver-

421 1951 603 2017 sationibus
631 1951 778 2037 singulos
807 1952 887 2018 dens
915 1953 1102 2041 inpellendo
1130 1956 1165 2017 in
1192 1954 1304 2018 orbem
1326 1953 1460 2040 planum
1481 1962 1565 2039 tym-

421 2076 542 2141 panum
563 2064 682 2124 verset.
726 2056 762 2117 in
783 2057 880 2141 plano
902 2066 1011 2120 autem
1037 2066 1193 2143 tympano
1220 2055 1378 2119 foramina
1406 2055 1502 2136 fiant,
1531 2055 1567 2117 in

422 2156 539 2244 quibus
562 2155 777 2221 foraminibus
800 2157 1056 2223 conlocabuntur
1077 2157 1193 2222 calculi
1220 2156 1365 2223 rotundi.
1409 2158 1443 2219 in
1471 2155 1567 2220 thec'a

422 2259 490 2322 eius
513 2260 663 2346 tympani
690 2260 761 2323 sive
782 2259 1035 2324 loculamentum
1058 2271 1107 2326 est
1128 2282 1229 2324 unum
1258 2259 1405 2325 foramen
1428 2280 1565 2322 excave-
1586 2270 1617 2319 15

421 2369 475 2426 tur
496 2359 622 2424 habens
645 2360 876 2443 canaliculum,
900 2385 963 2448 qua
986 2362 1128 2427 calculus
1158 2363 1315 2427 liberatus
1338 2362 1380 2427 ab
1403 2361 1568 2426 obstantia

386 2475 402 2523 7
422 2485 495 2525 cum
519 2461 674 2526 ceciderit
695 2464 730 2526 in
751 2486 810 2528 vas
832 2486 962 2528 aereum
984 2467 1093 2530 sonitu
1115 2465 1287 2550 significet.
1322 2467 1369 2529 ita
1383 2466 1478 2528 navis
1494 2486 1568 2527 cum

420 2563 573 2628 habuerit
595 2565 753 2651 impetum
775 2576 832 2630 aut
859 2586 1021 2630 remorum
1042 2575 1098 2631 aut
1120 2577 1294 2633 ventorum
1321 2567 1418 2648 flatu,
1447 2567 1568 2654 pinnae

421 2688 505 2753 quae
534 2677 629 2731 erunt
656 2669 691 2731 in
717 2669 798 2731 rotis
831 2678 1003 2753 tangentes
1031 2691 1148 2756 aquam
1180 2669 1353 2732 adversam
1381 2668 1567 2731 vehementi

420 2777 583 2833 retrorsus
605 2767 737 2857 inpulsu
760 2779 889 2834 coactae
911 2770 1090 2834 versabunt
1111 2778 1216 2851 rotas,
1251 2791 1307 2833 eae
1329 2777 1439 2833 autem
1460 2767 1566 2832 invol-
1585 2779 1618 2828 20

422 2868 532 2936 vendo
555 2893 590 2935 se
611 2881 711 2957 agent
732 2893 839 2955 axem,
862 2873 935 2937 axis
957 2894 1036 2937 vero
1060 2881 1262 2959 tympanum,
1286 2871 1378 2935 cuius
1401 2870 1481 2934 dens
1506 2870 1566 2934 cir-

421 2981 589 3037 cumactus
622 2972 760 3058 singulis
793 2975 1035 3040 versationibus
1073 2972 1219 3058 singulos
1253 2971 1387 3038 secundi
1418 2973 1568 3059 tympani

422 3074 537 3138 dentes
553 3073 740 3161 inpellendo
755 3075 900 3142 modicas
917 3077 1018 3141 efficit
1037 3076 1287 3140 circumitiones.
1320 3076 1460 3138 itacum
1483 3089 1566 3137 cccc

422 3176 464 3239 ab
494 3177 604 3264 pinnis
632 3186 722 3240 rotae
749 3176 871 3243 fuerint
898 3189 1065 3262 versatae,
1096 3176 1195 3243 semel
1216 3188 1409 3263 tympanum
1431 3177 1566 3239 eircum-

422 3286 533 3341 actum
562 3276 697 3365 inpellet
726 3277 823 3342 dente
854 3282 909 3367 qui
932 3280 1046 3343 estad
1068 3278 1153 3343 latus
1176 3278 1278 3360 fixus,
1307 3276 1397 3364 plani
1418 3279 1567 3365 tympani
1585 3286 1618 3336 25

424 3379 566 3444 dentem.
603 3380 706 3464 igitur
729 3382 909 3446 circumitio
931 3383 1080 3468 tympani
1102 3381 1191 3469 plani
1214 3380 1503 3466 quotienscumque
1525 3380 1568 3443 ad

422 3479 572 3545 foramen
598 3481 754 3570 perducet
781 3482 938 3566 calculos,
969 3484 1095 3547 emittet
1117 3504 1175 3571 per
1197 3479 1422 3545 canaliculum.
1467 3481 1569 3546 itaet

424 3583 534 3647 sonitu
557 3592 589 3647 et
610 3606 744 3649 numero
766 3585 927 3650 indicabit
949 3584 1089 3648 miliaria
1111 3586 1217 3672 spatia
1239 3585 1473 3668 navigationis.

492 3807 593 3857 anari
611 3811 770 3873 tympanum
788 3810 866 3860 ΕΘΗ
884 3811 981 3873 (habet
1000 3812 1060 3861 add.
1078 3809 1158 3876 lon).
1182 3806 1193 3877 ΙΙ
1216 3811 1233 3858 4
1250 3808 1415 3871 Peraquatis
1428 3814 1487 3856 ante
1499 3823 1568 3860 corr.

427 3892 447 3941 G
465 3888 527 3954 (noa
545 3891 590 3956 E).
608 3887 620 3957 ΙΙ
637 3894 652 3941 5
671 3892 796 3946 0000.;
814 3897 852 3945 εἰσ
869 3892 986 3961 ΕΘΗ.ΙΙ
1010 3895 1135 3946 deciculo
1147 3895 1180 3947 E.
1204 3890 1216 3961 ΙΙ
1239 3896 1253 3943 ’ἰ
1274 3893 1363 3942 alteru
1375 3887 1491 3954 ,lunum
1509 3899 1567 3940 ante

425 3993 493 4026 corr.
514 3974 536 4025 G
554 3973 602 4037 (6⁶
619 3979 680 4028 add.
699 3978 809 4036 dentem
820 3981 893 4028 =H
909 3988 935 4029 et
953 3980 989 4038 Ε,
1009 3982 1052 4030 abi
1068 3982 1126 4029 item
1148 3980 1266 4028 alterum
1281 3976 1285 4044 Ι
1302 3977 1411 4025 dentem
1434 3974 1537 4035 unum).
1553 3971 1565 4039 ΙΙ

425 4063 439 4110 9
458 4060 687 4111 convenientibus
706 4063 780 4113 Sella.
800 4063 838 4125 (ut
852 4081 879 4128 p.
892 4068 952 4124 264,
966 4065 1009 4126 2):
1030 4066 1127 4130 quibus
1146 4060 1232 4128 (quib3
1246 4062 1290 4123 H)
1315 4060 1401 4109 ΕΘΗ.
1421 4054 1433 4125 ΙΙ
1449 4060 1480 4140 to
1498 4062 1567 4123 tym-

425 4160 510 4209 pano:
528 4148 567 4195 sic
585 4146 665 4196 ΕΘΗ
681 4145 754 4211 (-ni
769 4146 896 4215 Sella).ss
917 4149 1063 4200 conlocatis
1081 4151 1109 4198 in
1129 4164 1175 4198 eos
1196 4146 1291 4196 dentes
1305 4144 1386 4196 EGH
1402 4142 1453 4207 (ita
1471 4146 1502 4191 ut
1521 4160 1568 4194 eos

426 4229 522 4294 Soka).
547 4226 559 4296 ΙΙ
584 4233 614 4280 12
633 4231 700 4281 dens
724 4232 890 4295 (denticulus
908 4234 1003 4295 Mar.):
1027 4234 1125 4285 dentes
1148 4231 1235 4280 EGH.
1258 4227 1269 4294 ΙΙ
1293 4228 1405 4294 planum
1422 4229 1493 4278 doc:
1511 4229 1568 4293 ple-

426 4330 489 4363 num
506 4315 592 4364 ΕΘΗ.
615 4312 627 4381 ΙΙ
649 4319 680 4366 14
703 4318 785 4367 techa
805 4320 826 4370 G
849 4318 909 4383 (nort
926 4319 971 4381 Ε).
993 4315 1005 4385 ΙΙ
1026 4321 1057 4369 15
1075 4318 1199 4384 tympani
1216 4316 1243 4364 H
1263 4312 1382 4377 (G0Hc):
1404 4328 1469 4361 -no
1483 4313 1540 4361 ΕΘ.
1554 4310 1566 4377 ΙΙ

427 4401 456 4448 17
480 4414 604 4449 aereum:
627 4402 665 4450 ste
682 4402 770 4451 EGH.
790 4399 802 4468 ΙΙ
825 4404 916 4452 sonitu
934 4418 994 4468 epo:
1014 4405 1133 4453 sonitum
1152 4402 1228 4465 (-t1‘1
1248 4399 1279 4461 G)
1299 4397 1384 4447 ΕΘΗ.
1402 4392 1414 4462 ΙΙ
1437 4398 1468 4446 18
1486 4397 1567 4447 flatu:

425 4486 461 4533 sic
483 4483 571 4533 ΕΘΗ.
598 4480 610 4551 ΙΙ
637 4484 670 4534 20
693 4502 743 4536 eae
774 4488 852 4537 ΕΘΗ
879 4485 926 4550 (L,
953 4487 1005 4535 hae
1033 4488 1075 4549 elz,
1106 4486 1140 4551 he
1163 4486 1192 4549 l).
1220 4481 1232 4549 ΙΙ
1260 4486 1292 4532 23
1315 4480 1504 4530 circuitiones:
1531 4484 1569 4529 stc

426 4568 511 4619 ΕΘΗ.
535 4565 547 4635 ΙΙ
572 4568 699 4622 0000.ε
718 4573 756 4620 sic
773 4572 859 4623 EGH.
883 4567 894 4637 ΙΙ
917 4574 951 4621 24
969 4571 1097 4635 abpinnis
1113 4571 1170 4619 GH
1186 4567 1232 4632 (L,
1252 4566 1386 4631 abpennis
1404 4564 1454 4627 ἰσ),
1474 4561 1569 4630 ablin-

426 4654 517 4717 pinnis
535 4653 568 4707 E.
593 4650 606 4719 ΙΙ
629 4654 813 4719 circumpell&
829 4655 832 4723 Ι
848 4656 930 4708 dente
949 4656 973 4708 Ε
992 4652 1053 4720 (non
1073 4655 1114 4720 G).
1137 4650 1148 4726 ΙΙ
1172 4655 1204 4708 25
1224 4656 1265 4709 est
1284 4652 1330 4709 ad:
1349 4654 1387 4707 tle
1405 4650 1490 4706 ΕΘΗ.
1508 4646 1519 4716 ΙΙ
1535 4652 1567 4699 27

427 4737 579 4800 calculoE
599 4737 660 4801 (non
680 4739 721 4815 ΘΙ.
