<?xml version="1.0" encoding="UTF-8"?>
<!DOCTYPE html PUBLIC "-//W3C//DTD XHTML 1.0 Transitional//EN"
    "http://www.w3.org/TR/xhtml1/DTD/xhtml1-transitional.dtd">
<html xmlns="http://www.w3.org/1999/xhtml" xml:lang="en" lang="en">
 <head>
  <title>
</title>
<meta http-equiv="Content-Type" content="text/html;charset=utf-8" />
  <meta name='ocr-system' content='tesseract 3.04.00' />
  <meta name='ocr-capabilities' content='ocr_page ocr_carea ocr_par ocr_line ocrx_word'/>
</head>
<body>
  <div class='ocr_page' id='page_1' title='image "./vitruviidearchi00strgoog_0216.png"; bbox 0 0 3984 5825; ppageno 0'>
   <div class='ocr_carea' id='block_1_1' title="bbox 701 694 1542 759">
    <p class='ocr_par' dir='ltr' id='par_1_1' title="bbox 701 694 1542 759">
     <span class='ocr_line' id='line_1_1' title="bbox 701 694 1542 759; baseline 0.007 -7"><span class='ocrx_word' id='word_1_1' title='bbox 701 707 748 752; x_wconf 85' lang='lat' dir='ltr'>nn</span> <span class='ocrx_word' id='word_1_2' title='bbox 771 705 1040 754; x_wconf 72' lang='lat' dir='ltr'>auofflrncruuu</span> <span class='ocrx_word' id='word_1_3' title='bbox 1062 708 1130 754; x_wconf 81' lang='lat' dir='ltr'>nur.</span> <span class='ocrx_word' id='word_1_4' title='bbox 1154 710 1228 755; x_wconf 80' lang='lat' dir='ltr'>vui.</span> <span class='ocrx_word' id='word_1_5' title='bbox 1481 694 1542 759; x_wconf 83' lang='lat'>195</span> 
     </span>
    </p>
   </div>
   <div class='ocr_carea' id='block_1_2' title="bbox 345 858 1660 2877">
    <p class='ocr_par' dir='ltr' id='par_1_2' title="bbox 379 858 1660 1867">
     <span class='ocr_line' id='line_1_2' title="bbox 482 858 1573 948; baseline 0.004 -24"><span class='ocrx_word' id='word_1_6' title='bbox 482 860 565 925; x_wconf 83' lang='lat' dir='ltr'><strong>Sunt</strong></span> <span class='ocrx_word' id='word_1_7' title='bbox 587 867 695 923; x_wconf 86' lang='lat' dir='ltr'>autern</span> <span class='ocrx_word' id='word_1_8' title='bbox 717 868 748 922; x_wconf 89' lang='lat' dir='ltr'>et</span> <span class='ocrx_word' id='word_1_9' title='bbox 770 858 835 922; x_wconf 90' lang='lat' dir='ltr'>alia</span> <span class='ocrx_word' id='word_1_10' title='bbox 854 858 956 923; x_wconf 90' lang='lat' dir='ltr'>multa</span> <span class='ocrx_word' id='word_1_11' title='bbox 977 882 1098 945; x_wconf 89' lang='lat' dir='ltr'>genera</span> <span class='ocrx_word' id='word_1_12' title='bbox 1125 881 1207 946; x_wconf 93' lang='lat' dir='ltr'>quae</span> <span class='ocrx_word' id='word_1_13' title='bbox 1229 859 1351 924; x_wconf 88' lang='lat' dir='ltr'>habent</span> <span class='ocrx_word' id='word_1_14' title='bbox 1373 883 1446 924; x_wconf 87' lang='lat' dir='ltr'>suas</span> <span class='ocrx_word' id='word_1_15' title='bbox 1467 883 1573 948; x_wconf 88' lang='lat' dir='ltr'>pro-1</span> 
     </span>
     <span class='ocr_line' id='line_1_3' title="bbox 379 959 1541 1048; baseline 0.003 -23"><span class='ocrx_word' id='word_1_16' title='bbox 379 964 569 1048; x_wconf 77' lang='lat' dir='ltr'>prietates,</span> <span class='ocrx_word' id='word_1_17' title='bbox 599 970 637 1024; x_wconf 89' lang='lat' dir='ltr'>ut</span> <span class='ocrx_word' id='word_1_18' title='bbox 664 961 698 1024; x_wconf 91' lang='lat' dir='ltr'>in</span> <span class='ocrx_word' id='word_1_19' title='bbox 727 959 840 1024; x_wconf 81' lang='lat' dir='ltr'>Sicilia</span> <span class='ocrx_word' id='word_1_20' title='bbox 867 959 988 1024; x_wconf 90' lang='lat' dir='ltr'>flumen</span> <span class='ocrx_word' id='word_1_21' title='bbox 1015 972 1063 1026; x_wconf 87' lang='lat' dir='ltr'>est</span> <span class='ocrx_word' id='word_1_22' title='bbox 1090 961 1258 1044; x_wconf 76' lang='lat' dir='ltr'>HimeraS,</span> <span class='ocrx_word' id='word_1_23' title='bbox 1290 962 1374 1047; x_wconf 94' lang='lat' dir='ltr'>quod</span> <span class='ocrx_word' id='word_1_24' title='bbox 1403 985 1423 1026; x_wconf 92' lang='lat' dir='ltr'>a</span> <span class='ocrx_word' id='word_1_25' title='bbox 1452 963 1541 1028; x_wconf 85' lang='lat' dir='ltr'>fonte</span> 
     </span>
     <span class='ocr_line' id='line_1_4' title="bbox 382 1061 1540 1152; baseline 0.001 -26"><span class='ocrx_word' id='word_1_26' title='bbox 382 1085 468 1126; x_wconf 79' lang='lat' dir='ltr'>eum</span> <span class='ocrx_word' id='word_1_27' title='bbox 498 1073 547 1127; x_wconf 88' lang='lat' dir='ltr'>est</span> <span class='ocrx_word' id='word_1_28' title='bbox 579 1083 789 1148; x_wconf 88' lang='lat' dir='ltr'>progressum</span> <span class='ocrx_word' id='word_1_29' title='bbox 817 1061 979 1127; x_wconf 87' lang='lat' dir='ltr'>dividitur</span> <span class='ocrx_word' id='word_1_30' title='bbox 1009 1064 1044 1125; x_wconf 90' lang='lat' dir='ltr'>in</span> <span class='ocrx_word' id='word_1_31' title='bbox 1073 1064 1154 1127; x_wconf 89' lang='lat' dir='ltr'>duas</span> <span class='ocrx_word' id='word_1_32' title='bbox 1183 1073 1304 1151; x_wconf 89' lang='lat' dir='ltr'>partes.</span> <span class='ocrx_word' id='word_1_33' title='bbox 1354 1086 1437 1150; x_wconf 88' lang='lat' dir='ltr'>quae</span> <span class='ocrx_word' id='word_1_34' title='bbox 1466 1087 1540 1152; x_wconf 87' lang='lat' dir='ltr'>pars</span> 
     </span>
     <span class='ocr_line' id='line_1_5' title="bbox 380 1163 1541 1253; baseline 0.003 -26"><span class='ocrx_word' id='word_1_35' title='bbox 380 1164 527 1251; x_wconf 71' lang='lat' dir='ltr'>profluit</span> <span class='ocrx_word' id='word_1_36' title='bbox 551 1173 663 1228; x_wconf 90' lang='lat' dir='ltr'>contra</span> <span class='ocrx_word' id='word_1_37' title='bbox 685 1163 863 1246; x_wconf 76' lang='lat' dir='ltr'>Etruriam,</span> <span class='ocrx_word' id='word_1_38' title='bbox 887 1164 974 1249; x_wconf 87' lang='lat' dir='ltr'>quod</span> <span class='ocrx_word' id='word_1_39' title='bbox 996 1187 1056 1251; x_wconf 90' lang='lat' dir='ltr'>per</span> <span class='ocrx_word' id='word_1_40' title='bbox 1078 1174 1184 1229; x_wconf 89' lang='lat' dir='ltr'>terrae</span> <span class='ocrx_word' id='word_1_41' title='bbox 1199 1164 1327 1229; x_wconf 83' lang='lat' dir='ltr'>dulcem</span> <span class='ocrx_word' id='word_1_42' title='bbox 1343 1188 1455 1230; x_wconf 88' lang='lat' dir='ltr'>sucum</span> <span class='ocrx_word' id='word_1_43' title='bbox 1470 1188 1541 1253; x_wconf 88' lang='lat' dir='ltr'>per-</span> 
     </span>
     <span class='ocr_line' id='line_1_6' title="bbox 385 1255 1660 1354; baseline 0 -26"><span class='ocrx_word' id='word_1_44' title='bbox 385 1268 509 1348; x_wconf 80' lang='lat' dir='ltr'>currit,</span> <span class='ocrx_word' id='word_1_45' title='bbox 533 1275 582 1330; x_wconf 87' lang='lat' dir='ltr'>est</span> <span class='ocrx_word' id='word_1_46' title='bbox 605 1265 743 1328; x_wconf 89' lang='lat' dir='ltr'>intincta</span> <span class='ocrx_word' id='word_1_47' title='bbox 766 1263 953 1346; x_wconf 77' lang='lat' dir='ltr'>dulcedine,</span> <span class='ocrx_word' id='word_1_48' title='bbox 978 1255 1061 1352; x_wconf 90' lang='lat' dir='ltr'>quae</span> <span class='ocrx_word' id='word_1_49' title='bbox 1082 1265 1185 1331; x_wconf 89' lang='lat' dir='ltr'>altera</span> <span class='ocrx_word' id='word_1_50' title='bbox 1207 1288 1282 1353; x_wconf 83' lang='lat' dir='ltr'>pars</span> <span class='ocrx_word' id='word_1_51' title='bbox 1305 1288 1454 1354; x_wconf 89' lang='lat' dir='ltr'>peream</span> <span class='ocrx_word' id='word_1_52' title='bbox 1477 1277 1575 1331; x_wconf 81' lang='lat' dir='ltr'>ter-o</span> <span class='ocrx_word' id='word_1_53' title='bbox 1657 1310 1660 1317; x_wconf 82' lang='lat'>·</span> 
     </span>
     <span class='ocr_line' id='line_1_7' title="bbox 382 1365 1541 1455; baseline 0.001 -24"><span class='ocrx_word' id='word_1_54' title='bbox 382 1389 463 1431; x_wconf 75' lang='lat' dir='ltr'>ram</span> <span class='ocrx_word' id='word_1_55' title='bbox 491 1369 594 1431; x_wconf 91' lang='lat' dir='ltr'>currit</span> <span class='ocrx_word' id='word_1_56' title='bbox 621 1367 708 1431; x_wconf 91' lang='lat' dir='ltr'>unde</span> <span class='ocrx_word' id='word_1_57' title='bbox 735 1366 783 1429; x_wconf 86' lang='lat' dir='ltr'>sal</span> <span class='ocrx_word' id='word_1_58' title='bbox 810 1365 935 1430; x_wconf 88' lang='lat' dir='ltr'>foditur</span> <span class='ocrx_word' id='word_1_59' title='bbox 941 1415 950 1448; x_wconf 94' lang='lat'>,</span> <span class='ocrx_word' id='word_1_60' title='bbox 979 1367 1101 1432; x_wconf 88' lang='lat' dir='ltr'>salsum</span> <span class='ocrx_word' id='word_1_61' title='bbox 1127 1368 1226 1433; x_wconf 90' lang='lat' dir='ltr'>habet</span> <span class='ocrx_word' id='word_1_62' title='bbox 1255 1392 1412 1455; x_wconf 88' lang='lat' dir='ltr'>saporem.</span> <span class='ocrx_word' id='word_1_63' title='bbox 1463 1370 1541 1434; x_wconf 87' lang='lat' dir='ltr'>item</span> 
     </span>
     <span class='ocr_line' id='line_1_8' title="bbox 388 1467 1540 1559; baseline 0.002 -27"><span class='ocrx_word' id='word_1_64' title='bbox 388 1470 589 1534; x_wconf 84' lang='lat' dir='ltr'>Paraetonio</span> <span class='ocrx_word' id='word_1_65' title='bbox 605 1477 638 1532; x_wconf 91' lang='lat' dir='ltr'>et</span> <span class='ocrx_word' id='word_1_66' title='bbox 659 1467 746 1554; x_wconf 92' lang='lat' dir='ltr'>quod</span> <span class='ocrx_word' id='word_1_67' title='bbox 762 1477 811 1532; x_wconf 84' lang='lat' dir='ltr'>est</span> <span class='ocrx_word' id='word_1_68' title='bbox 832 1470 896 1532; x_wconf 90' lang='lat' dir='ltr'>iter</span> <span class='ocrx_word' id='word_1_69' title='bbox 916 1469 960 1532; x_wconf 91' lang='lat' dir='ltr'>ad</span> <span class='ocrx_word' id='word_1_70' title='bbox 974 1469 1191 1534; x_wconf 88' lang='lat' dir='ltr'>Hammonem</span> <span class='ocrx_word' id='word_1_71' title='bbox 1207 1480 1238 1535; x_wconf 86' lang='lat' dir='ltr'>et</span> <span class='ocrx_word' id='word_1_72' title='bbox 1254 1470 1350 1536; x_wconf 81' lang='lat' dir='ltr'>Casio</span> <span class='ocrx_word' id='word_1_73' title='bbox 1372 1470 1414 1533; x_wconf 89' lang='lat' dir='ltr'>ad</span> <span class='ocrx_word' id='word_1_74' title='bbox 1430 1468 1540 1559; x_wconf 82' lang='lat' dir='ltr'>Aegy-</span> 
     </span>
     <span class='ocr_line' id='line_1_9' title="bbox 386 1569 1541 1658; baseline 0.002 -24"><span class='ocrx_word' id='word_1_75' title='bbox 386 1580 486 1656; x_wconf 86' lang='lat' dir='ltr'>ptum</span> <span class='ocrx_word' id='word_1_76' title='bbox 509 1570 597 1636; x_wconf 86' lang='lat' dir='ltr'>lacus</span> <span class='ocrx_word' id='word_1_77' title='bbox 621 1579 697 1634; x_wconf 89' lang='lat' dir='ltr'>sunt</span> <span class='ocrx_word' id='word_1_78' title='bbox 719 1569 897 1656; x_wconf 77' lang='lat' dir='ltr'>palustres,</span> <span class='ocrx_word' id='word_1_79' title='bbox 926 1572 983 1658; x_wconf 92' lang='lat' dir='ltr'>qui</span> <span class='ocrx_word' id='word_1_80' title='bbox 1005 1573 1052 1635; x_wconf 91' lang='lat' dir='ltr'>ita</span> <span class='ocrx_word' id='word_1_81' title='bbox 1074 1582 1149 1636; x_wconf 83' lang='lat' dir='ltr'>sunt</span> <span class='ocrx_word' id='word_1_82' title='bbox 1172 1570 1249 1636; x_wconf 86' lang='lat' dir='ltr'>salsi</span> <span class='ocrx_word' id='word_1_83' title='bbox 1271 1581 1307 1636; x_wconf 89' lang='lat' dir='ltr'>ut</span> <span class='ocrx_word' id='word_1_84' title='bbox 1329 1570 1471 1637; x_wconf 89' lang='lat' dir='ltr'>habeant</span> <span class='ocrx_word' id='word_1_85' title='bbox 1493 1575 1541 1636; x_wconf 94' lang='lat' dir='ltr'>in-</span> 
     </span>
     <span class='ocr_line' id='line_1_10' title="bbox 397 1670 1540 1760; baseline 0.004 -25"><span class='ocrx_word' id='word_1_86' title='bbox 397 1694 496 1759; x_wconf 87' lang='lat' dir='ltr'>super</span> <span class='ocrx_word' id='word_1_87' title='bbox 524 1695 558 1736; x_wconf 89' lang='lat' dir='ltr'>se</span> <span class='ocrx_word' id='word_1_88' title='bbox 588 1671 689 1737; x_wconf 88' lang='lat' dir='ltr'>salem</span> <span class='ocrx_word' id='word_1_89' title='bbox 718 1670 933 1756; x_wconf 83' lang='lat' dir='ltr'>congelatum.</span> <span class='ocrx_word' id='word_1_90' title='bbox 983 1682 1059 1738; x_wconf 86' lang='lat' dir='ltr'>sunt</span> <span class='ocrx_word' id='word_1_91' title='bbox 1085 1684 1194 1738; x_wconf 89' lang='lat' dir='ltr'>autem</span> <span class='ocrx_word' id='word_1_92' title='bbox 1222 1684 1254 1738; x_wconf 90' lang='lat' dir='ltr'>et</span> <span class='ocrx_word' id='word_1_93' title='bbox 1287 1673 1359 1737; x_wconf 88' lang='lat' dir='ltr'>aliis</span> <span class='ocrx_word' id='word_1_94' title='bbox 1393 1673 1540 1760; x_wconf 86' lang='lat' dir='ltr'>pluribus</span> 
     </span>
     <span class='ocr_line' id='line_1_11' title="bbox 396 1769 1593 1867; baseline 0.002 -31"><span class='ocrx_word' id='word_1_95' title='bbox 396 1773 475 1838; x_wconf 89' lang='lat' dir='ltr'>locis</span> <span class='ocrx_word' id='word_1_96' title='bbox 500 1782 531 1837; x_wconf 90' lang='lat' dir='ltr'>et</span> <span class='ocrx_word' id='word_1_97' title='bbox 553 1772 659 1838; x_wconf 88' lang='lat' dir='ltr'>fontes</span> <span class='ocrx_word' id='word_1_98' title='bbox 684 1783 716 1838; x_wconf 92' lang='lat' dir='ltr'>et</span> <span class='ocrx_word' id='word_1_99' title='bbox 736 1774 871 1838; x_wconf 90' lang='lat' dir='ltr'>flumina</span> <span class='ocrx_word' id='word_1_100' title='bbox 893 1783 925 1838; x_wconf 90' lang='lat' dir='ltr'>et</span> <span class='ocrx_word' id='word_1_101' title='bbox 953 1773 1059 1857; x_wconf 86' lang='lat' dir='ltr'>lacus,</span> <span class='ocrx_word' id='word_1_102' title='bbox 1088 1777 1144 1861; x_wconf 87' lang='lat' dir='ltr'>qui</span> <span class='ocrx_word' id='word_1_103' title='bbox 1166 1797 1225 1863; x_wconf 89' lang='lat' dir='ltr'>per</span> <span class='ocrx_word' id='word_1_104' title='bbox 1248 1769 1438 1839; x_wconf 85' lang='lat' dir='ltr'>salifodinas</span> <span class='ocrx_word' id='word_1_105' title='bbox 1470 1776 1593 1867; x_wconf 82' lang='lat' dir='ltr'>per-&#39;10</span> 
     </span>
    </p>

    <p class='ocr_par' dir='ltr' id='par_1_3' title="bbox 345 1874 1593 2877">
     <span class='ocr_line' id='line_1_12' title="bbox 345 1874 1541 1963; baseline 0.003 -24"><span class='ocrx_word' id='word_1_106' title='bbox 345 1883 361 1930; x_wconf 76' lang='lat'><em>3</em></span> <span class='ocrx_word' id='word_1_107' title='bbox 396 1885 563 1940; x_wconf 88' lang='lat' dir='ltr'>currentes</span> <span class='ocrx_word' id='word_1_108' title='bbox 579 1877 763 1941; x_wconf 87' lang='lat' dir='ltr'>necessario</span> <span class='ocrx_word' id='word_1_109' title='bbox 779 1874 857 1939; x_wconf 88' lang='lat' dir='ltr'>salsi</span> <span class='ocrx_word' id='word_1_110' title='bbox 879 1875 1100 1962; x_wconf 87' lang='lat' dir='ltr'>perficiuntur.</span> <span class='ocrx_word' id='word_1_111' title='bbox 1137 1875 1194 1939; x_wconf 91' lang='lat' dir='ltr'>alii</span> <span class='ocrx_word' id='word_1_112' title='bbox 1208 1886 1317 1940; x_wconf 89' lang='lat' dir='ltr'>autem</span> <span class='ocrx_word' id='word_1_113' title='bbox 1331 1898 1390 1963; x_wconf 92' lang='lat' dir='ltr'>per</span> <span class='ocrx_word' id='word_1_114' title='bbox 1404 1877 1541 1963; x_wconf 87' lang='lat' dir='ltr'>pingues</span> 
     </span>
     <span class='ocr_line' id='line_1_13' title="bbox 396 1976 1542 2065; baseline 0.003 -25"><span class='ocrx_word' id='word_1_115' title='bbox 396 1986 504 2041; x_wconf 90' lang='lat' dir='ltr'>terrae</span> <span class='ocrx_word' id='word_1_116' title='bbox 531 1999 633 2042; x_wconf 85' lang='lat' dir='ltr'>venas</span> <span class='ocrx_word' id='word_1_117' title='bbox 668 1977 866 2065; x_wconf 88' lang='lat' dir='ltr'>profluentes</span> <span class='ocrx_word' id='word_1_118' title='bbox 902 1978 992 2041; x_wconf 88' lang='lat' dir='ltr'>uncti</span> <span class='ocrx_word' id='word_1_119' title='bbox 1027 1976 1096 2042; x_wconf 91' lang='lat' dir='ltr'>oleo</span> <span class='ocrx_word' id='word_1_120' title='bbox 1130 1977 1236 2042; x_wconf 87' lang='lat' dir='ltr'>fontes</span> <span class='ocrx_word' id='word_1_121' title='bbox 1271 1988 1460 2064; x_wconf 91' lang='lat' dir='ltr'>erumpunt,</span> <span class='ocrx_word' id='word_1_122' title='bbox 1493 1982 1542 2044; x_wconf 90' lang='lat' dir='ltr'>uti</span> 
     </span>
     <span class='ocr_line' id='line_1_14' title="bbox 398 2077 1540 2168; baseline 0.002 -25"><span class='ocrx_word' id='word_1_123' title='bbox 398 2078 499 2161; x_wconf 76' lang='lat' dir='ltr'>Solia,</span> <span class='ocrx_word' id='word_1_124' title='bbox 529 2079 616 2165; x_wconf 90' lang='lat' dir='ltr'>quod</span> <span class='ocrx_word' id='word_1_125' title='bbox 646 2077 802 2166; x_wconf 92' lang='lat' dir='ltr'>oppidum</span> <span class='ocrx_word' id='word_1_126' title='bbox 831 2088 881 2143; x_wconf 89' lang='lat' dir='ltr'>est</span> <span class='ocrx_word' id='word_1_127' title='bbox 908 2078 1061 2161; x_wconf 80' lang='lat' dir='ltr'>Ciliciae,</span> <span class='ocrx_word' id='word_1_128' title='bbox 1095 2080 1215 2143; x_wconf 89' lang='lat' dir='ltr'>flumen</span> <span class='ocrx_word' id='word_1_129' title='bbox 1242 2081 1372 2144; x_wconf 89' lang='lat' dir='ltr'>nominc</span> <span class='ocrx_word' id='word_1_130' title='bbox 1399 2081 1540 2168; x_wconf 83' lang='lat' dir='ltr'>Liparis,</span> 
     </span>
     <span class='ocr_line' id='line_1_15' title="bbox 398 2178 1541 2269; baseline 0.001 -24"><span class='ocrx_word' id='word_1_131' title='bbox 398 2182 431 2245; x_wconf 92' lang='lat' dir='ltr'>in</span> <span class='ocrx_word' id='word_1_132' title='bbox 454 2203 518 2267; x_wconf 91' lang='lat' dir='ltr'>quo</span> <span class='ocrx_word' id='word_1_133' title='bbox 541 2190 689 2245; x_wconf 86' lang='lat' dir='ltr'>natantes</span> <span class='ocrx_word' id='word_1_134' title='bbox 705 2189 761 2243; x_wconf 91' lang='lat' dir='ltr'>aut</span> <span class='ocrx_word' id='word_1_135' title='bbox 784 2178 931 2244; x_wconf 85' lang='lat' dir='ltr'>lavantes</span> <span class='ocrx_word' id='word_1_136' title='bbox 954 2181 997 2245; x_wconf 92' lang='lat' dir='ltr'>ah</span> <span class='ocrx_word' id='word_1_137' title='bbox 1020 2184 1092 2266; x_wconf 88' lang='lat' dir='ltr'>ipsa</span> <span class='ocrx_word' id='word_1_138' title='bbox 1113 2203 1197 2269; x_wconf 89' lang='lat' dir='ltr'>aqua</span> <span class='ocrx_word' id='word_1_139' title='bbox 1218 2191 1416 2266; x_wconf 87' lang='lat' dir='ltr'>unguuntur.</span> <span class='ocrx_word' id='word_1_140' title='bbox 1454 2184 1541 2247; x_wconf 90' lang='lat' dir='ltr'>simi-</span> 
     </span>
     <span class='ocr_line' id='line_1_16' title="bbox 399 2280 1593 2370; baseline -0.002 -25"><span class='ocrx_word' id='word_1_141' title='bbox 399 2282 474 2346; x_wconf 92' lang='lat' dir='ltr'>liter</span> <span class='ocrx_word' id='word_1_142' title='bbox 496 2282 674 2368; x_wconf 86' lang='lat' dir='ltr'>Aethiopia</span> <span class='ocrx_word' id='word_1_143' title='bbox 697 2280 786 2345; x_wconf 90' lang='lat' dir='ltr'>lacus</span> <span class='ocrx_word' id='word_1_144' title='bbox 803 2289 853 2344; x_wconf 87' lang='lat' dir='ltr'>cst</span> <span class='ocrx_word' id='word_1_145' title='bbox 875 2284 931 2367; x_wconf 92' lang='lat' dir='ltr'>qui</span> <span class='ocrx_word' id='word_1_146' title='bbox 953 2293 1067 2347; x_wconf 87' lang='lat' dir='ltr'>unctos</span> <span class='ocrx_word' id='word_1_147' title='bbox 1091 2284 1237 2348; x_wconf 88' lang='lat' dir='ltr'>homines</span> <span class='ocrx_word' id='word_1_148' title='bbox 1253 2283 1356 2348; x_wconf 83' lang='lat' dir='ltr'>efficit</span> <span class='ocrx_word' id='word_1_149' title='bbox 1377 2285 1433 2370; x_wconf 90' lang='lat' dir='ltr'>qui</span> <span class='ocrx_word' id='word_1_150' title='bbox 1455 2286 1490 2366; x_wconf 91' lang='lat' dir='ltr'>in</span> <span class='ocrx_word' id='word_1_151' title='bbox 1505 2306 1542 2349; x_wconf 89' lang='lat' dir='ltr'>eo</span> <span class='ocrx_word' id='word_1_152' title='bbox 1562 2295 1593 2344; x_wconf 78' lang='lat'>15</span> 
     </span>
     <span class='ocr_line' id='line_1_17' title="bbox 396 2382 1542 2472; baseline 0.003 -25"><span class='ocrx_word' id='word_1_153' title='bbox 396 2386 599 2466; x_wconf 85' lang='lat' dir='ltr'>nataverint,</span> <span class='ocrx_word' id='word_1_154' title='bbox 629 2394 661 2448; x_wconf 90' lang='lat' dir='ltr'>et</span> <span class='ocrx_word' id='word_1_155' title='bbox 688 2382 786 2447; x_wconf 92' lang='lat' dir='ltr'>India</span> <span class='ocrx_word' id='word_1_156' title='bbox 807 2385 864 2471; x_wconf 93' lang='lat' dir='ltr'>qui</span> <span class='ocrx_word' id='word_1_157' title='bbox 894 2406 1006 2449; x_wconf 91' lang='lat' dir='ltr'>sereno</span> <span class='ocrx_word' id='word_1_158' title='bbox 1035 2384 1124 2451; x_wconf 90' lang='lat' dir='ltr'>caelo</span> <span class='ocrx_word' id='word_1_159' title='bbox 1154 2385 1274 2450; x_wconf 90' lang='lat' dir='ltr'>emittit</span> <span class='ocrx_word' id='word_1_160' title='bbox 1302 2384 1365 2449; x_wconf 91' lang='lat' dir='ltr'>olei</span> <span class='ocrx_word' id='word_1_161' title='bbox 1391 2408 1542 2472; x_wconf 83' lang='lat' dir='ltr'>magnam</span> 
     </span>
     <span class='ocr_line' id='line_1_18' title="bbox 398 2484 1543 2576; baseline 0.003 -28"><span class='ocrx_word' id='word_1_162' title='bbox 398 2485 656 2568; x_wconf 90' lang='lat' dir='ltr'>multitudinem,</span> <span class='ocrx_word' id='word_1_163' title='bbox 684 2487 762 2549; x_wconf 91' lang='lat' dir='ltr'>item</span> <span class='ocrx_word' id='word_1_164' title='bbox 791 2484 986 2570; x_wconf 77' lang='lat' dir='ltr'>Carthagini</span> <span class='ocrx_word' id='word_1_165' title='bbox 1019 2486 1091 2551; x_wconf 86' lang='lat' dir='ltr'>fons</span> <span class='ocrx_word' id='word_1_166' title='bbox 1125 2487 1159 2550; x_wconf 90' lang='lat' dir='ltr'>in</span> <span class='ocrx_word' id='word_1_167' title='bbox 1188 2509 1251 2573; x_wconf 91' lang='lat' dir='ltr'>quo</span> <span class='ocrx_word' id='word_1_168' title='bbox 1286 2496 1376 2551; x_wconf 89' lang='lat' dir='ltr'>natat</span> <span class='ocrx_word' id='word_1_169' title='bbox 1409 2488 1543 2576; x_wconf 85' lang='lat' dir='ltr'>insuper</span> 
     </span>
     <span class='ocr_line' id='line_1_19' title="bbox 397 2586 1541 2675; baseline 0.003 -25"><span class='ocrx_word' id='word_1_170' title='bbox 397 2586 502 2651; x_wconf 90' lang='lat' dir='ltr'>oleum</span> <span class='ocrx_word' id='word_1_171' title='bbox 518 2587 617 2652; x_wconf 91' lang='lat' dir='ltr'>odore</span> <span class='ocrx_word' id='word_1_172' title='bbox 638 2589 687 2651; x_wconf 91' lang='lat' dir='ltr'>uti</span> <span class='ocrx_word' id='word_1_173' title='bbox 709 2586 816 2651; x_wconf 85' lang='lat' dir='ltr'>scobis</span> <span class='ocrx_word' id='word_1_174' title='bbox 841 2587 971 2670; x_wconf 87' lang='lat' dir='ltr'>citreae,</span> <span class='ocrx_word' id='word_1_175' title='bbox 995 2611 1058 2674; x_wconf 92' lang='lat' dir='ltr'>quo</span> <span class='ocrx_word' id='word_1_176' title='bbox 1082 2587 1151 2652; x_wconf 93' lang='lat' dir='ltr'>oleo</span> <span class='ocrx_word' id='word_1_177' title='bbox 1176 2591 1273 2652; x_wconf 89' lang='lat' dir='ltr'>etiam</span> <span class='ocrx_word' id='word_1_178' title='bbox 1296 2610 1415 2675; x_wconf 89' lang='lat' dir='ltr'>pecora</span> <span class='ocrx_word' id='word_1_179' title='bbox 1437 2588 1541 2654; x_wconf 88' lang='lat' dir='ltr'>solent</span> 
     </span>
     <span class='ocr_line' id='line_1_20' title="bbox 396 2688 1540 2776; baseline 0.001 -23"><span class='ocrx_word' id='word_1_180' title='bbox 396 2691 509 2774; x_wconf 84' lang='lat' dir='ltr'>ungui.</span> <span class='ocrx_word' id='word_1_181' title='bbox 554 2688 725 2776; x_wconf 88' lang='lat' dir='ltr'>Zacyntho</span> <span class='ocrx_word' id='word_1_182' title='bbox 748 2698 781 2752; x_wconf 92' lang='lat' dir='ltr'>et</span> <span class='ocrx_word' id='word_1_183' title='bbox 803 2689 890 2752; x_wconf 90' lang='lat' dir='ltr'>circa</span> <span class='ocrx_word' id='word_1_184' title='bbox 911 2689 1133 2776; x_wconf 88' lang='lat' dir='ltr'>Dyrrachium</span> <span class='ocrx_word' id='word_1_185' title='bbox 1157 2699 1188 2752; x_wconf 87' lang='lat' dir='ltr'>et</span> <span class='ocrx_word' id='word_1_186' title='bbox 1203 2689 1412 2775; x_wconf 88' lang='lat' dir='ltr'>Apolloniam</span> <span class='ocrx_word' id='word_1_187' title='bbox 1434 2690 1540 2756; x_wconf 89' lang='lat' dir='ltr'>fontes</span> 
     </span>
     <span class='ocr_line' id='line_1_21' title="bbox 398 2789 1593 2877; baseline -0.003 -22"><span class='ocrx_word' id='word_1_188' title='bbox 398 2802 472 2856; x_wconf 87' lang='lat' dir='ltr'>sunt</span> <span class='ocrx_word' id='word_1_189' title='bbox 500 2792 556 2877; x_wconf 87' lang='lat' dir='ltr'>qui</span> <span class='ocrx_word' id='word_1_190' title='bbox 585 2792 668 2876; x_wconf 89' lang='lat' dir='ltr'>picis</span> <span class='ocrx_word' id='word_1_191' title='bbox 696 2812 848 2875; x_wconf 86' lang='lat' dir='ltr'>magnam</span> <span class='ocrx_word' id='word_1_192' title='bbox 879 2789 1123 2854; x_wconf 91' lang='lat' dir='ltr'>multitudinem</span> <span class='ocrx_word' id='word_1_193' title='bbox 1158 2811 1231 2853; x_wconf 91' lang='lat' dir='ltr'>cum</span> <span class='ocrx_word' id='word_1_194' title='bbox 1264 2812 1348 2876; x_wconf 90' lang='lat' dir='ltr'>aqua</span> <span class='ocrx_word' id='word_1_195' title='bbox 1377 2801 1541 2857; x_wconf 90' lang='lat' dir='ltr'>evomunt.</span> <span class='ocrx_word' id='word_1_196' title='bbox 1559 2805 1593 2852; x_wconf 81' lang='lat' dir='ltr'>ao</span> 
     </span>
    </p>
   </div>
   <div class='ocr_carea' id='block_1_3' title="bbox 398 2890 1542 3082">
    <p class='ocr_par' dir='ltr' id='par_1_4' title="bbox 398 2890 1542 3082">
     <span class='ocr_line' id='line_1_22' title="bbox 398 2890 1542 2981; baseline 0.001 -24"><span class='ocrx_word' id='word_1_197' title='bbox 398 2892 567 2981; x_wconf 90' lang='lat' dir='ltr'>Babylone</span> <span class='ocrx_word' id='word_1_198' title='bbox 589 2891 677 2957; x_wconf 88' lang='lat' dir='ltr'>lacus</span> <span class='ocrx_word' id='word_1_199' title='bbox 692 2890 894 2980; x_wconf 86' lang='lat' dir='ltr'>amplissima</span> <span class='ocrx_word' id='word_1_200' title='bbox 908 2890 1135 2978; x_wconf 83' lang='lat' dir='ltr'>magnitudine</span> <span class='ocrx_word' id='word_1_201' title='bbox 1151 2892 1207 2978; x_wconf 92' lang='lat' dir='ltr'>qui</span> <span class='ocrx_word' id='word_1_202' title='bbox 1229 2894 1328 2976; x_wconf 79' lang='grc' dir='ltr'><em>λιμνη</em></span> <span class='ocrx_word' id='word_1_203' title='bbox 1345 2896 1542 2977; x_wconf 68' lang='lat' dir='ltr'>admoturos</span> 
     </span>
     <span class='ocr_line' id='line_1_23' title="bbox 398 2992 1540 3082; baseline 0 -23"><span class='ocrx_word' id='word_1_204' title='bbox 398 2995 595 3082; x_wconf 81' lang='lat' dir='ltr'>appellatur,</span> <span class='ocrx_word' id='word_1_205' title='bbox 618 2993 717 3059; x_wconf 90' lang='lat' dir='ltr'>habet</span> <span class='ocrx_word' id='word_1_206' title='bbox 739 3017 839 3081; x_wconf 85' lang='lat' dir='ltr'>supra</span> <span class='ocrx_word' id='word_1_207' title='bbox 860 3003 976 3060; x_wconf 83' lang='lat' dir='ltr'>natans</span> <span class='ocrx_word' id='word_1_208' title='bbox 999 2993 1161 3080; x_wconf 90' lang='lat' dir='ltr'>liquidum</span> <span class='ocrx_word' id='word_1_209' title='bbox 1183 2992 1344 3076; x_wconf 87' lang='lat' dir='ltr'>bitumen,</span> <span class='ocrx_word' id='word_1_210' title='bbox 1369 3016 1432 3080; x_wconf 91' lang='lat' dir='ltr'>quo</span> <span class='ocrx_word' id='word_1_211' title='bbox 1454 2995 1540 3059; x_wconf 92' lang='lat' dir='ltr'>bitu·</span> 
     </span>
    </p>
   </div>
   <div class='ocr_carea' id='block_1_4' title="bbox 398 3195 625 3203">
    <p class='ocr_par' dir='ltr' id='par_1_5' title="bbox 398 3195 625 3203">
     <span class='ocr_line' id='line_1_24' title="bbox 398 3195 625 3203; baseline 0 0"><span class='ocrx_word' id='word_1_212' title='bbox 398 3195 625 3203; x_wconf 74' lang='lat'><strong>———-</strong></span> 
     </span>
    </p>
   </div>
   <div class='ocr_carea' id='block_1_5' title="bbox 400 3314 1543 4897">
    <p class='ocr_par' dir='ltr' id='par_1_6' title="bbox 400 3314 1543 4897">
     <span class='ocr_line' id='line_1_25' title="bbox 401 3314 1538 3388; baseline -0.004 -15"><span class='ocrx_word' id='word_1_213' title='bbox 401 3322 480 3388; x_wconf 83' lang='lat' dir='ltr'>(Llc),</span> <span class='ocrx_word' id='word_1_214' title='bbox 500 3320 603 3371; x_wconf 82' lang='lat' dir='ltr'>Tarsos</span> <span class='ocrx_word' id='word_1_215' title='bbox 616 3336 671 3385; x_wconf 76' lang='lat' dir='ltr'>epo.</span> <span class='ocrx_word' id='word_1_216' title='bbox 689 3315 701 3386; x_wconf 96' lang='grc'>11</span> <span class='ocrx_word' id='word_1_217' title='bbox 718 3322 731 3369; x_wconf 94' lang='grc'>1</span> <span class='ocrx_word' id='word_1_218' title='bbox 751 3320 855 3371; x_wconf 86' lang='lat' dir='ltr'>habent</span> <span class='ocrx_word' id='word_1_219' title='bbox 867 3335 945 3369; x_wconf 84' lang='lat' dir='ltr'>suas:</span> <span class='ocrx_word' id='word_1_220' title='bbox 964 3323 1002 3370; x_wconf 84' lang='grc' dir='ltr'>εἰσ</span> <span class='ocrx_word' id='word_1_221' title='bbox 1014 3320 1098 3370; x_wconf 84' lang='lat' dir='ltr'><em>EGH.</em></span> <span class='ocrx_word' id='word_1_222' title='bbox 1120 3314 1132 3385; x_wconf 95' lang='grc'>11</span> <span class='ocrx_word' id='word_1_223' title='bbox 1152 3321 1211 3369; x_wconf 80' lang='lat' dir='ltr'>2ut</span> <span class='ocrx_word' id='word_1_224' title='bbox 1228 3318 1362 3369; x_wconf 84' lang='lat' dir='ltr'>insicilia:</span> <span class='ocrx_word' id='word_1_225' title='bbox 1380 3320 1418 3388; x_wconf 79' lang='grc' dir='ltr'>εἰσ</span> <span class='ocrx_word' id='word_1_226' title='bbox 1429 3318 1515 3371; x_wconf 84' lang='lat' dir='ltr'><em>EGH.</em></span> <span class='ocrx_word' id='word_1_227' title='bbox 1527 3319 1538 3385; x_wconf 77' lang='grc'>11</span> 
     </span>
     <span class='ocr_line' id='line_1_26' title="bbox 400 3400 1542 3471; baseline 0 -16"><span class='ocrx_word' id='word_1_228' title='bbox 400 3407 530 3457; x_wconf 88' lang='lat' dir='ltr'>himeras:</span> <span class='ocrx_word' id='word_1_229' title='bbox 549 3408 587 3455; x_wconf 89' lang='grc' dir='ltr'>εἰσ</span> <span class='ocrx_word' id='word_1_230' title='bbox 605 3405 691 3455; x_wconf 83' lang='lat' dir='ltr'><em>EGH.</em></span> <span class='ocrx_word' id='word_1_231' title='bbox 717 3401 729 3471; x_wconf 95' lang='grc'>11</span> <span class='ocrx_word' id='word_1_232' title='bbox 752 3405 904 3455; x_wconf 78' lang='grc' dir='ltr'>δίηῖίησῖε</span> <span class='ocrx_word' id='word_1_233' title='bbox 922 3421 982 3471; x_wconf 77' lang='lat' dir='ltr'>epo:</span> <span class='ocrx_word' id='word_1_234' title='bbox 1002 3405 1110 3455; x_wconf 86' lang='lat' dir='ltr'>infinita</span> <span class='ocrx_word' id='word_1_235' title='bbox 1128 3404 1214 3456; x_wconf 80' lang='lat' dir='ltr'><em>EGH.</em></span> <span class='ocrx_word' id='word_1_236' title='bbox 1238 3400 1250 3470; x_wconf 96' lang='grc'>11</span> <span class='ocrx_word' id='word_1_237' title='bbox 1274 3419 1345 3468; x_wconf 85' lang='lat' dir='ltr'>quae</span> <span class='ocrx_word' id='word_1_238' title='bbox 1369 3403 1459 3455; x_wconf 85' lang='lat' dir='ltr'>altera</span> <span class='ocrx_word' id='word_1_239' title='bbox 1477 3421 1542 3471; x_wconf 85' lang='lat' dir='ltr'>pars</span> 
     </span>
     <span class='ocr_line' id='line_1_27' title="bbox 400 3484 1542 3555; baseline 0.002 -15"><span class='ocrx_word' id='word_1_240' title='bbox 400 3489 643 3554; x_wconf 73' lang='lat' dir='ltr'>Mitllcr-Strztbinpz</span> <span class='ocrx_word' id='word_1_241' title='bbox 672 3504 744 3553; x_wconf 84' lang='lat' dir='ltr'>quae</span> <span class='ocrx_word' id='word_1_242' title='bbox 763 3488 853 3539; x_wconf 83' lang='lat' dir='ltr'>altera</span> <span class='ocrx_word' id='word_1_243' title='bbox 871 3494 951 3554; x_wconf 85' lang='lat' dir='ltr'>parte</span> <span class='ocrx_word' id='word_1_244' title='bbox 969 3490 1055 3539; x_wconf 85' lang='lat' dir='ltr'><em>EGH.</em></span> <span class='ocrx_word' id='word_1_245' title='bbox 1078 3484 1090 3555; x_wconf 95' lang='grc'>11</span> <span class='ocrx_word' id='word_1_246' title='bbox 1113 3491 1127 3538; x_wconf 81' lang='grc'>1</span> <span class='ocrx_word' id='word_1_247' title='bbox 1147 3488 1261 3553; x_wconf 75' lang='grc' dir='ltr'>ρεεσῖ18ι</span> <span class='ocrx_word' id='word_1_248' title='bbox 1272 3488 1375 3552; x_wconf 91' lang='lat' dir='ltr'>H)onio</span> <span class='ocrx_word' id='word_1_249' title='bbox 1397 3489 1478 3540; x_wconf 83' lang='lat' dir='ltr'>EGH</span> <span class='ocrx_word' id='word_1_250' title='bbox 1498 3490 1542 3555; x_wconf 79' lang='lat' dir='ltr'>(L,</span> 
     </span>
     <span class='ocr_line' id='line_1_28' title="bbox 400 3568 1541 3641; baseline 0.001 -18"><span class='ocrx_word' id='word_1_251' title='bbox 400 3575 542 3639; x_wconf 83' lang='lat' dir='ltr'>paretonia</span> <span class='ocrx_word' id='word_1_252' title='bbox 560 3572 602 3638; x_wconf 83' lang='lat' dir='ltr'>le).</span> <span class='ocrx_word' id='word_1_253' title='bbox 626 3569 639 3641; x_wconf 94' lang='grc'>11</span> <span class='ocrx_word' id='word_1_254' title='bbox 662 3581 688 3623; x_wconf 90' lang='lat' dir='ltr'>et</span> <span class='ocrx_word' id='word_1_255' title='bbox 707 3573 777 3638; x_wconf 89' lang='lat' dir='ltr'>quod</span> <span class='ocrx_word' id='word_1_256' title='bbox 797 3573 843 3636; x_wconf 78' lang='lat' dir='ltr'>(ef.</span> <span class='ocrx_word' id='word_1_257' title='bbox 862 3574 929 3623; x_wconf 79' lang='lat' dir='ltr'>Ptin.</span> <span class='ocrx_word' id='word_1_258' title='bbox 951 3576 994 3632; x_wconf 79' lang='grc'><strong>31,</strong></span> <span class='ocrx_word' id='word_1_259' title='bbox 1014 3573 1070 3637; x_wconf 82' lang='lat'>78):</span> <span class='ocrx_word' id='word_1_260' title='bbox 1094 3575 1132 3623; x_wconf 85' lang='grc' dir='ltr'>εἰσ</span> <span class='ocrx_word' id='word_1_261' title='bbox 1155 3573 1241 3624; x_wconf 82' lang='lat' dir='ltr'><em>EGH.</em></span> <span class='ocrx_word' id='word_1_262' title='bbox 1265 3568 1278 3641; x_wconf 95' lang='grc'>11</span> <span class='ocrx_word' id='word_1_263' title='bbox 1300 3573 1377 3623; x_wconf 80' lang='lat' dir='ltr'>casio</span> <span class='ocrx_word' id='word_1_264' title='bbox 1395 3573 1456 3623; x_wconf 74' lang='lat' dir='ltr'>EG:</span> <span class='ocrx_word' id='word_1_265' title='bbox 1481 3590 1541 3624; x_wconf 82' lang='lat' dir='ltr'>cas·</span> 
     </span>
     <span class='ocr_line' id='line_1_29' title="bbox 401 3654 1539 3725; baseline 0.001 -18"><span class='ocrx_word' id='word_1_266' title='bbox 401 3660 439 3709; x_wconf 78' lang='lat' dir='ltr'>sio</span> <span class='ocrx_word' id='word_1_267' title='bbox 451 3660 481 3707; x_wconf 88' lang='lat' dir='ltr'><em>H</em></span> <span class='ocrx_word' id='word_1_268' title='bbox 490 3656 571 3720; x_wconf 84' lang='lat' dir='ltr'>(Llc).</span> <span class='ocrx_word' id='word_1_269' title='bbox 587 3654 599 3724; x_wconf 93' lang='grc'>11</span> <span class='ocrx_word' id='word_1_270' title='bbox 615 3661 631 3709; x_wconf 86' lang='grc'>9</span> <span class='ocrx_word' id='word_1_271' title='bbox 651 3656 826 3723; x_wconf 86' lang='lat' dir='ltr'>congelatum</span> <span class='ocrx_word' id='word_1_272' title='bbox 839 3658 918 3708; x_wconf 81' lang='lat' dir='ltr'>EGH</span> <span class='ocrx_word' id='word_1_273' title='bbox 932 3656 974 3720; x_wconf 81' lang='lat' dir='ltr'>(L,</span> <span class='ocrx_word' id='word_1_274' title='bbox 993 3656 1183 3723; x_wconf 73' lang='lat' dir='ltr'>relegatum,</span> <span class='ocrx_word' id='word_1_275' title='bbox 1198 3657 1371 3724; x_wconf 87' lang='lat' dir='ltr'>conlegatum</span> <span class='ocrx_word' id='word_1_276' title='bbox 1391 3659 1434 3707; x_wconf 73' lang='lat' dir='ltr'>cca</span> <span class='ocrx_word' id='word_1_277' title='bbox 1448 3655 1539 3725; x_wconf 82' lang='grc' dir='ltr'><strong>σ111.11</strong></span> 
     </span>
     <span class='ocr_line' id='line_1_30' title="bbox 402 3737 1541 3808; baseline -0.001 -16"><span class='ocrx_word' id='word_1_278' title='bbox 402 3746 430 3795; x_wconf 90' lang='grc'>10</span> <span class='ocrx_word' id='word_1_279' title='bbox 452 3743 566 3792; x_wconf 86' lang='lat' dir='ltr'>flumina</span> <span class='ocrx_word' id='word_1_280' title='bbox 588 3742 666 3792; x_wconf 80' lang='lat' dir='ltr'>lacus</span> <span class='ocrx_word' id='word_1_281' title='bbox 688 3742 768 3792; x_wconf 85' lang='lat' dir='ltr'>EGH</span> <span class='ocrx_word' id='word_1_282' title='bbox 789 3744 832 3804; x_wconf 79' lang='lat' dir='ltr'>(et</span> <span class='ocrx_word' id='word_1_283' title='bbox 854 3744 915 3795; x_wconf 83' lang='lat' dir='ltr'>add.</span> <span class='ocrx_word' id='word_1_284' title='bbox 944 3741 1006 3805; x_wconf 75' lang='lat' dir='ltr'>ed).</span> <span class='ocrx_word' id='word_1_285' title='bbox 1035 3737 1048 3808; x_wconf 96' lang='grc'>11</span> <span class='ocrx_word' id='word_1_286' title='bbox 1075 3742 1128 3792; x_wconf 85' lang='lat' dir='ltr'>sali</span> <span class='ocrx_word' id='word_1_287' title='bbox 1150 3742 1273 3792; x_wconf 83' lang='lat' dir='ltr'>fodinae:</span> <span class='ocrx_word' id='word_1_288' title='bbox 1300 3745 1338 3792; x_wconf 86' lang='grc' dir='ltr'>εἰσ</span> <span class='ocrx_word' id='word_1_289' title='bbox 1364 3742 1446 3792; x_wconf 83' lang='lat' dir='ltr'>EGH</span> <span class='ocrx_word' id='word_1_290' title='bbox 1470 3744 1541 3805; x_wconf 72' lang='lat' dir='ltr'>(tect,</span> 
     </span>
     <span class='ocr_line' id='line_1_31' title="bbox 401 3822 1542 3894; baseline -0.001 -18"><span class='ocrx_word' id='word_1_291' title='bbox 401 3826 591 3879; x_wconf 83' lang='lat' dir='ltr'>sali.fodinas</span> <span class='ocrx_word' id='word_1_292' title='bbox 614 3828 652 3887; x_wconf 87' lang='lat' dir='ltr'>L,</span> <span class='ocrx_word' id='word_1_293' title='bbox 675 3826 856 3877; x_wconf 82' lang='lat' dir='ltr'>ealisfodinas</span> <span class='ocrx_word' id='word_1_294' title='bbox 878 3836 937 3876; x_wconf 83' lang='lat' dir='ltr'>uate</span> <span class='ocrx_word' id='word_1_295' title='bbox 959 3843 1029 3877; x_wconf 82' lang='lat' dir='ltr'>corr.</span> <span class='ocrx_word' id='word_1_296' title='bbox 1048 3826 1078 3893; x_wconf 86' lang='lat' dir='ltr'>l).</span> <span class='ocrx_word' id='word_1_297' title='bbox 1102 3824 1114 3894; x_wconf 93' lang='grc'>11</span> <span class='ocrx_word' id='word_1_298' title='bbox 1143 3828 1175 3876; x_wconf 84' lang='grc'>14</span> <span class='ocrx_word' id='word_1_299' title='bbox 1195 3829 1334 3891; x_wconf 89' lang='lat' dir='ltr'>unguntur</span> <span class='ocrx_word' id='word_1_300' title='bbox 1357 3826 1441 3875; x_wconf 83' lang='lat' dir='ltr'><em>EGH.</em></span> <span class='ocrx_word' id='word_1_301' title='bbox 1469 3822 1481 3892; x_wconf 95' lang='grc'>11</span> <span class='ocrx_word' id='word_1_302' title='bbox 1511 3829 1542 3875; x_wconf 77' lang='grc'>16</span> 
     </span>
     <span class='ocr_line' id='line_1_32' title="bbox 401 3906 1540 3977; baseline -0.002 -18"><span class='ocrx_word' id='word_1_303' title='bbox 401 3910 548 3975; x_wconf 78' lang='lat' dir='ltr'>Aethiopia</span> <span class='ocrx_word' id='word_1_304' title='bbox 567 3926 625 3976; x_wconf 76' lang='lat' dir='ltr'>epo:</span> <span class='ocrx_word' id='word_1_305' title='bbox 646 3910 804 3976; x_wconf 80' lang='lat' dir='ltr'>aethiopiae</span> <span class='ocrx_word' id='word_1_306' title='bbox 824 3910 895 3975; x_wconf 87' lang='lat' dir='ltr'>(-ie</span> <span class='ocrx_word' id='word_1_307' title='bbox 915 3909 947 3975; x_wconf 84' lang='lat' dir='ltr'>G)</span> <span class='ocrx_word' id='word_1_308' title='bbox 968 3911 1053 3961; x_wconf 80' lang='lat' dir='ltr'><em>EGH.</em></span> <span class='ocrx_word' id='word_1_309' title='bbox 1077 3909 1089 3977; x_wconf 94' lang='grc'>11</span> <span class='ocrx_word' id='word_1_310' title='bbox 1113 3913 1144 3960; x_wconf 85' lang='grc'>16</span> <span class='ocrx_word' id='word_1_311' title='bbox 1163 3910 1323 3961; x_wconf 82' lang='lat' dir='ltr'>nataverint</span> <span class='ocrx_word' id='word_1_312' title='bbox 1342 3909 1390 3959; x_wconf 82' lang='lat' dir='ltr'>EG</span> <span class='ocrx_word' id='word_1_313' title='bbox 1408 3906 1467 3972; x_wconf 75' lang='grc' dir='ltr'><strong>11σ1ε</strong></span> <span class='ocrx_word' id='word_1_314' title='bbox 1492 3924 1540 3958; x_wconf 82' lang='lat' dir='ltr'>na-</span> 
     </span>
     <span class='ocr_line' id='line_1_33' title="bbox 401 3989 1541 4062; baseline -0.002 -19"><span class='ocrx_word' id='word_1_315' title='bbox 401 3996 502 4046; x_wconf 80' lang='lat' dir='ltr'>taverit</span> <span class='ocrx_word' id='word_1_316' title='bbox 519 3996 549 4044; x_wconf 89' lang='lat' dir='ltr'><em>H</em></span> <span class='ocrx_word' id='word_1_317' title='bbox 567 3994 622 4060; x_wconf 80' lang='lat' dir='ltr'><em>(L).</em></span> <span class='ocrx_word' id='word_1_318' title='bbox 644 3992 656 4062; x_wconf 94' lang='grc'>11</span> <span class='ocrx_word' id='word_1_319' title='bbox 679 3993 807 4044; x_wconf 68' lang='lat' dir='ltr'>diludia:</span> <span class='ocrx_word' id='word_1_320' title='bbox 826 3998 864 4045; x_wconf 86' lang='grc' dir='ltr'>εἰσ</span> <span class='ocrx_word' id='word_1_321' title='bbox 881 3995 968 4045; x_wconf 84' lang='lat' dir='ltr'><em>EGH.</em></span> <span class='ocrx_word' id='word_1_322' title='bbox 990 3991 1002 4062; x_wconf 95' lang='grc'>11</span> <span class='ocrx_word' id='word_1_323' title='bbox 1025 3996 1072 4059; x_wconf 90' lang='lat' dir='ltr'>qui</span> <span class='ocrx_word' id='word_1_324' title='bbox 1091 3995 1118 4043; x_wconf 98' lang='lat' dir='ltr'><em>H</em></span> <span class='ocrx_word' id='word_1_325' title='bbox 1136 3992 1219 4058; x_wconf 87' lang='lat' dir='ltr'>(Llc):</span> <span class='ocrx_word' id='word_1_326' title='bbox 1244 4009 1295 4059; x_wconf 71' lang='lat' dir='ltr'>que</span> <span class='ocrx_word' id='word_1_327' title='bbox 1314 3994 1370 4043; x_wconf 84' lang='lat' dir='ltr'>EG.</span> <span class='ocrx_word' id='word_1_328' title='bbox 1395 3989 1406 4055; x_wconf 96' lang='grc'>11</span> <span class='ocrx_word' id='word_1_329' title='bbox 1431 3995 1462 4043; x_wconf 80' lang='grc'>11</span> <span class='ocrx_word' id='word_1_330' title='bbox 1481 4008 1541 4042; x_wconf 88' lang='lat' dir='ltr'>car-</span> 
     </span>
     <span class='ocr_line' id='line_1_34' title="bbox 400 4072 1541 4146; baseline -0.002 -17"><span class='ocrx_word' id='word_1_331' title='bbox 400 4080 488 4146; x_wconf 86' lang='lat' dir='ltr'>tagini</span> <span class='ocrx_word' id='word_1_332' title='bbox 507 4080 540 4137; x_wconf 85' lang='lat' dir='ltr'>E,</span> <span class='ocrx_word' id='word_1_333' title='bbox 559 4080 719 4144; x_wconf 80' lang='lat' dir='ltr'>carthagini</span> <span class='ocrx_word' id='word_1_334' title='bbox 738 4081 789 4130; x_wconf 81' lang='lat' dir='ltr'>GH</span> <span class='ocrx_word' id='word_1_335' title='bbox 807 4078 851 4143; x_wconf 84' lang='lat' dir='ltr'>(L,</span> <span class='ocrx_word' id='word_1_336' title='bbox 869 4079 1001 4129; x_wconf 85' lang='lat' dir='ltr'>karthani</span> <span class='ocrx_word' id='word_1_337' title='bbox 1019 4080 1062 4142; x_wconf 82' lang='grc' dir='ltr'>ἰσ),</span> <span class='ocrx_word' id='word_1_338' title='bbox 1084 4074 1096 4144; x_wconf 97' lang='grc'>11</span> <span class='ocrx_word' id='word_1_339' title='bbox 1120 4078 1181 4128; x_wconf 84' lang='lat' dir='ltr'>fons</span> <span class='ocrx_word' id='word_1_340' title='bbox 1200 4079 1228 4126; x_wconf 92' lang='lat' dir='ltr'>in</span> <span class='ocrx_word' id='word_1_341' title='bbox 1247 4093 1312 4141; x_wconf 90' lang='lat' dir='ltr'>quo:</span> <span class='ocrx_word' id='word_1_342' title='bbox 1331 4079 1368 4126; x_wconf 87' lang='grc' dir='ltr'>εἰσ</span> <span class='ocrx_word' id='word_1_343' title='bbox 1386 4077 1471 4127; x_wconf 79' lang='lat' dir='ltr'><em>EGH.</em></span> <span class='ocrx_word' id='word_1_344' title='bbox 1483 4072 1495 4143; x_wconf 94' lang='grc'>11</span> <span class='ocrx_word' id='word_1_345' title='bbox 1509 4078 1541 4127; x_wconf 92' lang='grc'>18</span> 
     </span>
     <span class='ocr_line' id='line_1_35' title="bbox 401 4159 1540 4226; baseline -0.003 -12"><span class='ocrx_word' id='word_1_346' title='bbox 401 4166 439 4214; x_wconf 89' lang='lat' dir='ltr'>uti</span> <span class='ocrx_word' id='word_1_347' title='bbox 467 4164 559 4214; x_wconf 86' lang='lat' dir='ltr'>scobis</span> <span class='ocrx_word' id='word_1_348' title='bbox 582 4168 687 4215; x_wconf 87' lang='lat' dir='ltr'>citreae</span> <span class='ocrx_word' id='word_1_349' title='bbox 711 4164 776 4213; x_wconf 76' lang='lat' dir='ltr'>Pau.</span> <span class='ocrx_word' id='word_1_350' title='bbox 806 4160 848 4225; x_wconf 84' lang='lat' dir='ltr'>(ut</span> <span class='ocrx_word' id='word_1_351' title='bbox 871 4180 885 4213; x_wconf 86' lang='lat' dir='ltr'>e</span> <span class='ocrx_word' id='word_1_352' title='bbox 914 4165 998 4214; x_wconf 81' lang='lat' dir='ltr'>scobe</span> <span class='ocrx_word' id='word_1_353' title='bbox 1026 4165 1113 4214; x_wconf 87' lang='lat' dir='ltr'>citreo</span> <span class='ocrx_word' id='word_1_354' title='bbox 1141 4159 1243 4226; x_wconf 85' lang='lat' dir='ltr'>Solm.):</span> <span class='ocrx_word' id='word_1_355' title='bbox 1275 4162 1316 4210; x_wconf 92' lang='lat' dir='ltr'>uti</span> <span class='ocrx_word' id='word_1_356' title='bbox 1342 4162 1426 4211; x_wconf 83' lang='lat' dir='ltr'>scobe</span> <span class='ocrx_word' id='word_1_357' title='bbox 1454 4161 1540 4211; x_wconf 87' lang='lat' dir='ltr'>eitreo</span> 
     </span>
     <span class='ocr_line' id='line_1_36' title="bbox 401 4242 1540 4314; baseline -0.003 -17"><span class='ocrx_word' id='word_1_358' title='bbox 401 4244 514 4313; x_wconf 58' lang='grc'><strong>1161111</strong></span> <span class='ocrx_word' id='word_1_359' title='bbox 535 4264 586 4313; x_wconf 90' lang='lat' dir='ltr'>quo</span> <span class='ocrx_word' id='word_1_360' title='bbox 604 4249 693 4299; x_wconf 63' lang='lat' dir='ltr'>Essdv:</span> <span class='ocrx_word' id='word_1_361' title='bbox 713 4248 783 4312; x_wconf 91' lang='lat' dir='ltr'>quod</span> <span class='ocrx_word' id='word_1_362' title='bbox 801 4249 833 4297; x_wconf 88' lang='lat' dir='ltr'><em>H</em></span> <span class='ocrx_word' id='word_1_363' title='bbox 849 4247 906 4312; x_wconf 83' lang='lat' dir='ltr'>(Le,</span> <span class='ocrx_word' id='word_1_364' title='bbox 927 4247 961 4314; x_wconf 84' lang='lat' dir='ltr'>qd</span> <span class='ocrx_word' id='word_1_365' title='bbox 981 4250 999 4310; x_wconf 87' lang='lat' dir='ltr'>l)</span> <span class='ocrx_word' id='word_1_366' title='bbox 1019 4255 1044 4299; x_wconf 84' lang='lat' dir='ltr'>et</span> <span class='ocrx_word' id='word_1_367' title='bbox 1061 4256 1120 4298; x_wconf 78' lang='lat' dir='ltr'>onte</span> <span class='ocrx_word' id='word_1_368' title='bbox 1138 4264 1190 4297; x_wconf 81' lang='lat' dir='ltr'>rar.</span> <span class='ocrx_word' id='word_1_369' title='bbox 1210 4246 1266 4297; x_wconf 79' lang='lat' dir='ltr'>EG.</span> <span class='ocrx_word' id='word_1_370' title='bbox 1290 4242 1302 4312; x_wconf 96' lang='grc'>11</span> <span class='ocrx_word' id='word_1_371' title='bbox 1326 4248 1357 4296; x_wconf 82' lang='lat' dir='ltr'>ta</span> <span class='ocrx_word' id='word_1_372' title='bbox 1374 4245 1473 4311; x_wconf 79' lang='lat' dir='ltr'>ungui:</span> <span class='ocrx_word' id='word_1_373' title='bbox 1491 4260 1540 4294; x_wconf 90' lang='lat' dir='ltr'>un·</span> 
     </span>
     <span class='ocr_line' id='line_1_37' title="bbox 402 4326 1541 4399; baseline -0.004 -16"><span class='ocrx_word' id='word_1_374' title='bbox 402 4334 477 4398; x_wconf 86' lang='lat' dir='ltr'>gueri</span> <span class='ocrx_word' id='word_1_375' title='bbox 497 4333 554 4391; x_wconf 79' lang='lat' dir='ltr'>Ea,</span> <span class='ocrx_word' id='word_1_376' title='bbox 572 4334 670 4397; x_wconf 81' lang='lat' dir='ltr'>urgeri</span> <span class='ocrx_word' id='word_1_377' title='bbox 688 4334 717 4381; x_wconf 94' lang='lat' dir='ltr'><em>H</em></span> <span class='ocrx_word' id='word_1_378' title='bbox 735 4332 830 4395; x_wconf 60' lang='lat' dir='ltr'>(bleta</span> <span class='ocrx_word' id='word_1_379' title='bbox 849 4335 915 4399; x_wconf 89' lang='lat' dir='ltr'>ungi</span> <span class='ocrx_word' id='word_1_380' title='bbox 934 4342 993 4383; x_wconf 80' lang='lat' dir='ltr'>ante</span> <span class='ocrx_word' id='word_1_381' title='bbox 1011 4350 1080 4385; x_wconf 83' lang='lat' dir='ltr'>corr.</span> <span class='ocrx_word' id='word_1_382' title='bbox 1098 4329 1133 4395; x_wconf 83' lang='lat' dir='ltr'>h).</span> <span class='ocrx_word' id='word_1_383' title='bbox 1156 4328 1168 4398; x_wconf 95' lang='grc'>11</span> <span class='ocrx_word' id='word_1_384' title='bbox 1191 4330 1325 4381; x_wconf 86' lang='lat' dir='ltr'>Zachinto</span> <span class='ocrx_word' id='word_1_385' title='bbox 1343 4330 1428 4380; x_wconf 84' lang='lat' dir='ltr'><em>EGH.</em></span> <span class='ocrx_word' id='word_1_386' title='bbox 1450 4326 1462 4396; x_wconf 97' lang='grc'>11</span> <span class='ocrx_word' id='word_1_387' title='bbox 1487 4330 1541 4380; x_wconf 86' lang='lat' dir='ltr'>dir·</span> 
     </span>
     <span class='ocr_line' id='line_1_38' title="bbox 401 4412 1542 4482; baseline -0.002 -15"><span class='ocrx_word' id='word_1_388' title='bbox 401 4419 523 4467; x_wconf 86' lang='lat' dir='ltr'>rachium</span> <span class='ocrx_word' id='word_1_389' title='bbox 542 4417 629 4469; x_wconf 84' lang='lat' dir='ltr'><em>EGH.</em></span> <span class='ocrx_word' id='word_1_390' title='bbox 652 4412 664 4482; x_wconf 95' lang='grc'>11</span> <span class='ocrx_word' id='word_1_391' title='bbox 688 4419 721 4467; x_wconf 81' lang='lat'>20</span> <span class='ocrx_word' id='word_1_392' title='bbox 739 4432 811 4480; x_wconf 85' lang='lat' dir='ltr'>aqua</span> <span class='ocrx_word' id='word_1_393' title='bbox 831 4424 961 4468; x_wconf 84' lang='lat' dir='ltr'>evomunt</span> <span class='ocrx_word' id='word_1_394' title='bbox 977 4418 1039 4469; x_wconf 83' lang='lat' dir='ltr'>EG:</span> <span class='ocrx_word' id='word_1_395' title='bbox 1059 4432 1146 4481; x_wconf 85' lang='lat' dir='ltr'>aquae</span> <span class='ocrx_word' id='word_1_396' title='bbox 1165 4419 1276 4465; x_wconf 86' lang='lat' dir='ltr'>vomunt</span> <span class='ocrx_word' id='word_1_397' title='bbox 1293 4415 1322 4463; x_wconf 95' lang='lat' dir='ltr'><em>H</em></span> <span class='ocrx_word' id='word_1_398' title='bbox 1341 4416 1387 4477; x_wconf 84' lang='lat' dir='ltr'>(tc,</span> <span class='ocrx_word' id='word_1_399' title='bbox 1407 4428 1480 4476; x_wconf 82' lang='lat' dir='ltr'>aqua</span> <span class='ocrx_word' id='word_1_400' title='bbox 1497 4428 1542 4465; x_wconf 84' lang='lat' dir='ltr'>vo·</span> 
     </span>
     <span class='ocr_line' id='line_1_39' title="bbox 400 4496 1539 4566; baseline -0.004 -14"><span class='ocrx_word' id='word_1_401' title='bbox 400 4508 473 4552; x_wconf 87' lang='lat' dir='ltr'>munt</span> <span class='ocrx_word' id='word_1_402' title='bbox 491 4502 559 4565; x_wconf 71' lang='lat' dir='ltr'>le).</span> <span class='ocrx_word' id='word_1_403' title='bbox 584 4498 596 4566; x_wconf 94' lang='grc'>11</span> <span class='ocrx_word' id='word_1_404' title='bbox 625 4503 656 4549; x_wconf 81' lang='lat'>21</span> <span class='ocrx_word' id='word_1_405' title='bbox 676 4501 810 4551; x_wconf 80' lang='lat' dir='ltr'>Bebilone</span> <span class='ocrx_word' id='word_1_406' title='bbox 827 4502 906 4553; x_wconf 79' lang='lat' dir='ltr'>EGH</span> <span class='ocrx_word' id='word_1_407' title='bbox 928 4502 975 4564; x_wconf 84' lang='lat' dir='ltr'>(L,</span> <span class='ocrx_word' id='word_1_408' title='bbox 995 4517 1080 4551; x_wconf 87' lang='lat' dir='ltr'>-nae</span> <span class='ocrx_word' id='word_1_409' title='bbox 1103 4518 1128 4559; x_wconf 91' lang='grc' dir='ltr'>σ,</span> <span class='ocrx_word' id='word_1_410' title='bbox 1148 4514 1216 4564; x_wconf 74' lang='lat' dir='ltr'>—ne</span> <span class='ocrx_word' id='word_1_411' title='bbox 1234 4497 1279 4564; x_wconf 78' lang='lat' dir='ltr'>lt).</span> <span class='ocrx_word' id='word_1_412' title='bbox 1315 4499 1365 4548; x_wconf 83' lang='lat' dir='ltr'>sub</span> <span class='ocrx_word' id='word_1_413' title='bbox 1388 4499 1449 4560; x_wconf 76' lang='lat' dir='ltr'>add.</span> <span class='ocrx_word' id='word_1_414' title='bbox 1467 4499 1507 4548; x_wconf 85' lang='lat' dir='ltr'>ed.</span> <span class='ocrx_word' id='word_1_415' title='bbox 1527 4496 1539 4563; x_wconf 83' lang='grc'>11</span> 
     </span>
     <span class='ocr_line' id='line_1_40' title="bbox 401 4581 1543 4651; baseline -0.002 -16"><span class='ocrx_word' id='word_1_416' title='bbox 401 4587 500 4637; x_wconf 86' lang='lat' dir='ltr'>limnea</span> <span class='ocrx_word' id='word_1_417' title='bbox 529 4587 667 4649; x_wconf 81' lang='lat' dir='ltr'>spartacis</span> <span class='ocrx_word' id='word_1_418' title='bbox 695 4585 772 4636; x_wconf 83' lang='lat' dir='ltr'>EGH</span> <span class='ocrx_word' id='word_1_419' title='bbox 805 4587 892 4649; x_wconf 81' lang='lat' dir='ltr'>(Llelr,</span> <span class='ocrx_word' id='word_1_420' title='bbox 921 4586 1059 4651; x_wconf 81' lang='lat' dir='ltr'>spartanis</span> <span class='ocrx_word' id='word_1_421' title='bbox 1083 4586 1125 4642; x_wconf 69' lang='lat'>710,</span> <span class='ocrx_word' id='word_1_422' title='bbox 1152 4581 1368 4647; x_wconf 84' lang='lat' dir='ltr'>limniasphaltis</span> <span class='ocrx_word' id='word_1_423' title='bbox 1392 4584 1446 4647; x_wconf 77' lang='lat' dir='ltr'>ed,</span> <span class='ocrx_word' id='word_1_424' title='bbox 1475 4584 1543 4649; x_wconf 82' lang='lat' dir='ltr'>quod</span> 
     </span>
     <span class='ocr_line' id='line_1_41' title="bbox 401 4666 1541 4737; baseline -0.003 -17"><span class='ocrx_word' id='word_1_425' title='bbox 401 4688 466 4721; x_wconf 79' lang='lat' dir='ltr'>corr.</span> <span class='ocrx_word' id='word_1_426' title='bbox 495 4670 614 4735; x_wconf 68' lang='lat' dir='ltr'>Schola).</span> <span class='ocrx_word' id='word_1_427' title='bbox 641 4666 653 4737; x_wconf 95' lang='grc'>11</span> <span class='ocrx_word' id='word_1_428' title='bbox 682 4673 714 4720; x_wconf 81' lang='lat'>22</span> <span class='ocrx_word' id='word_1_429' title='bbox 744 4686 797 4735; x_wconf 90' lang='lat' dir='ltr'>quo</span> <span class='ocrx_word' id='word_1_430' title='bbox 829 4672 904 4722; x_wconf 80' lang='lat' dir='ltr'><strong><em>E⁶G⁶</em></strong></span> <span class='ocrx_word' id='word_1_431' title='bbox 930 4668 1036 4734; x_wconf 68' lang='lat' dir='ltr'>(nobs</span> <span class='ocrx_word' id='word_1_432' title='bbox 1067 4669 1138 4733; x_wconf 92' lang='lat' dir='ltr'>quod</span> <span class='ocrx_word' id='word_1_433' title='bbox 1164 4668 1196 4717; x_wconf 93' lang='lat' dir='ltr'><em>H</em></span> <span class='ocrx_word' id='word_1_434' title='bbox 1220 4666 1267 4733; x_wconf 78' lang='lat' dir='ltr'>(qd</span> <span class='ocrx_word' id='word_1_435' title='bbox 1289 4668 1309 4729; x_wconf 88' lang='lat' dir='ltr'>t)</span> <span class='ocrx_word' id='word_1_436' title='bbox 1336 4675 1362 4717; x_wconf 85' lang='lat' dir='ltr'>et</span> <span class='ocrx_word' id='word_1_437' title='bbox 1387 4673 1445 4718; x_wconf 81' lang='lat' dir='ltr'>uate</span> <span class='ocrx_word' id='word_1_438' title='bbox 1472 4683 1541 4719; x_wconf 73' lang='lat' dir='ltr'>corr.</span> 
     </span>
     <span class='ocr_line' id='line_1_42' title="bbox 401 4754 522 4821; baseline 0.017 -15"><span class='ocrx_word' id='word_1_439' title='bbox 401 4754 475 4821; x_wconf 84' lang='lat' dir='ltr'>EG(</span> <span class='ocrx_word' id='word_1_440' title='bbox 503 4755 522 4821; x_wconf 90' lang='lat'>).</span> 
     </span>
     <span class='ocr_line' id='line_1_43' title="bbox 1276 4830 1339 4897; baseline 0 0"><span class='ocrx_word' id='word_1_441' title='bbox 1276 4830 1339 4897; x_wconf 76' lang='lat'>13*</span> 
     </span>
    </p>
   </div>
   <div class='ocr_carea' id='block_1_6' title="bbox 0 0 2004 5825">
    <p class='ocr_par' dir='ltr' id='par_1_7' title="bbox 0 0 2004 5825">
     <span class='ocr_line' id='line_1_44' title="bbox 0 0 2004 5825; baseline 0 0"><span class='ocrx_word' id='word_1_442' title='bbox 0 0 2004 5825; x_wconf 95' lang='lat' dir='ltr'> </span> 
     </span>
    </p>
   </div>
  </div>
 </body>
</html>
