3984 5825
732 697 780 744 nu
802 695 1068 744 aucurracruuo
1093 696 1161 743 um.
1184 697 1245 744 vu.
1501 681 1555 745 171

414 862 526 919 cetera
541 852 649 918 emnia
670 851 719 916 uti
741 871 840 938 supra
862 851 983 938 scripta
999 859 1075 915 sunt
1096 850 1130 915 in
1152 851 1362 915 tectoriorum
1377 851 1558 917 rationibus

415 954 638 1044 perficiantur.
1442 1011 1447 1023 ,

380 1071 398 1118 4
501 1055 574 1143 Ipsi
600 1063 708 1119 autem
735 1052 946 1141 politionibus
970 1075 1080 1118 eorum
1102 1063 1234 1119 ornatus
1262 1053 1409 1141 proprias
1437 1052 1558 1118 debent

334 1199 341 1206 -
414 1158 538 1224 habere
568 1155 694 1221 decoris
721 1156 880 1238 rationes,
909 1156 959 1220 uti
986 1165 1019 1220 et
1048 1176 1091 1219 cx
1117 1154 1197 1220 locis
1224 1165 1317 1241 aptas
1345 1163 1376 1218 et
1403 1176 1559 1239 generum

415 1256 664 1323 discriminibus
678 1279 745 1323 non
758 1255 880 1321 alienas
895 1256 1037 1321 habeant
1052 1256 1239 1342 dignitates.
1276 1254 1430 1321 tricliniis
1452 1256 1558 1320 hiber·
1578 1272 1594 1322 o

413 1363 467 1425 nis
490 1381 556 1424 non
578 1368 627 1424 est
648 1358 738 1424 utilis
760 1360 993 1444 compositione
1009 1380 1069 1423 nec
1083 1357 1358 1445 megalographia,
1381 1380 1441 1422 nec
1456 1380 1558 1422 came·

413 1483 526 1538 rarum
547 1460 715 1526 coronario
737 1481 835 1547 opere
856 1458 986 1525 subtilis
1009 1468 1158 1542 ornatus,
1187 1459 1273 1545 quod
1296 1480 1334 1522 ea
1356 1469 1388 1523 ct
1408 1456 1450 1522 ab
1473 1461 1559 1544 ignis

414 1563 506 1628 fumo
536 1571 568 1627 et
594 1562 637 1627 ab
665 1560 823 1627 luminum
849 1560 973 1626 crebris
1002 1560 1195 1646 fuliginibus
1223 1570 1481 1648 corrumpuntur.
1525 1562 1560 1625 in

414 1665 468 1730 his
491 1686 571 1729 vero
593 1684 692 1750 supra
718 1662 818 1751 podia
838 1661 934 1727 abaci
955 1685 998 1727 ex
1019 1672 1199 1727 atramento
1221 1672 1298 1726 sunt
1325 1661 1500 1747 subigendi
1514 1671 1560 1753 ¹et

416 1762 574 1853 poliendi,
597 1766 708 1829 cuneis
731 1764 860 1830 silaceis
883 1786 941 1828 seu
963 1766 1130 1830 miniaceis
1152 1765 1365 1851 interpositis.
1579 1784 1610 1832 10

502 1866 680 1954 Explicata
707 1876 840 1931 camera'
861 1888 942 1954 pura
969 1876 1001 1931 et
1029 1866 1145 1953 polita,
1174 1868 1271 1931 etiam
1299 1867 1558 1953 pavimentorum

414 1991 483 2035 non
505 1969 569 2034 erit
590 1967 786 2056 displicens,
817 1969 847 2032 si
869 1969 925 2055 qui
952 1968 1212 2032 animadvertere
1233 1967 1390 2050 volucrit,
1418 1968 1558 2034 Graeco-

413 2092 490 2135 rum
517 2070 561 2134 ad
588 2069 871 2136 hibernaculorum
898 2092 992 2135 usum
1019 2071 1153 2134 minime
1181 2078 1387 2157 sumptuosus
1410 2081 1442 2135 et
1468 2070 1558 2135 utilis

379 2181 605 2260 sapparatus.
654 2170 778 2238 foditur
801 2172 888 2236 enim
914 2171 1002 2236 infra
1028 2171 1258 2237 libramentum
1285 2170 1421 2236 triclinii
1448 2171 1557 2237 altitu-

413 2274 495 2338 dine
523 2273 653 2338 circiter
678 2273 800 2361 pcdum
826 2272 956 2357 binum,
985 2282 1018 2338 et
1039 2272 1108 2339 solo
1129 2273 1289 2338 festucato
1316 2273 1482 2339 inducitur
1503 2283 1560 2339 aut
1579 2292 1610 2341 15

412 2376 520 2442 rudus
541 2382 598 2441 aut
619 2383 798 2440 testaceum
820 2376 1044 2463 pavimentum
1066 2377 1111 2451 ita
1134 2375 1325 2460 fastigatum
1339 2384 1376 2441 ut
1397 2377 1432 2439 in
1454 2375 1560 2441 canali

413 2477 537 2545 habeat
557 2496 663 2541 nares.
707 2474 825 2542 deinde
848 2478 1011 2563 congestis
1035 2487 1067 2542 et
1089 2479 1193 2564 spisse
1209 2476 1340 2542 calcatis
1363 2477 1559 2544 carbonibus

413 2579 585 2645 inducitur
606 2600 624 2643 e
651 2577 808 2644 sabulone
830 2586 867 2644 et*
884 2578 972 2643 calce
997 2586 1030 2643 et
1052 2578 1166 2644 favilla
1186 2581 1292 2644 mixta
1305 2581 1456 2645 materies
1473 2602 1558 2644 cras·

412 2679 563 2746 situdine
589 2678 789 2767 semipedali.
837 2680 880 2744 ad
906 2679 1052 2767 regulam
1081 2690 1113 2745 et
1141 2679 1285 2745 libellam
1307 2704 1437 2757 summo,
1461 2681 1556 2747 libra-

383 2806 386 2811 ’
413 2792 527 2848 mento
549 2790 622 2848 eote
643 2780 834 2871 despumato
856 2782 1146 2869 redditur'species
1168 2784 1256 2867 nigri
1278 2785 1468 2869 pauimenti.
1513 2785 1559 2848 ita
1577 2816 1610 2864 20

413 2884 582 2950 conviviis
598 2904 709 2951 eorum
724 2893 757 2951 et
771 2885 858 2973 qued
880 2883 1006 2972 poculis
1023 2894 1055 2949 ct
1069 2885 1255 2973 pytismatis
1272 2884 1448 2949 effunditm·
1463 2885 1560 2949 simul

414 2986 508 3052 cadit
522 2986 746 3074 aicccscitque‚
762 2987 883 3074 quique
898 2995 1071 3052 versantur
1086 2986 1133 3050 ibi
1149 2986 1376 3051 ministrantes
1385 2988 1447 3051 etsi
1462 2985 1559 3050 nudis

413 3087 559 3178 pedibus
586 3086 724 3173 fuerint,
752 3110 818 3154 non
838 3089 1002 3176 recipiunt
1029 3088 1133 3176 frigus
1156 3089 1198 3154 ab
1227 3090 1296 3155 eius
1324 3087 1413 3155 modi
1439 3109 1559 3175 genere

411 3189 609 3277 pavimenti.

487 3398 502 3446 1
519 3397 696 3448 maturiorum
706 3398 776 3449 loa:
795 3398 913 3451 tectorio
927 3399 987 3449 GH.
1002 3394 1015 3465 ΙΙ
1030 3400 1046 3448 2
1058 3397 1237 3465 perficiantur
1248 3399 1303 3450 ed:
1322 3397 1465 3449 -cinntur
1475 3400 1534 3451 GH.
1546 3396 1559 3465 Η

413 3483 432 3532 3
454 3477 634 3545 politionibus
648 3516 654 3531 .
667 3517 692 3535 ..
705 3484 885 3549 proprios...
898 3482 1042 3534 addecoris
1056 3484 1107 3533 GH
1119 3482 1199 3548 (corr.
1209 3480 1271 3546 ed).
1287 3479 1300 3549 ΙΙ
1315 3486 1332 3533 4
1344 3488 1372 3534 et
1382 3499 1416 3535 ex
1427 3483 1509 3535 locis:
1523 3485 1561 3534 stc

415 3565 480 3617 GH.
502 3561 516 3632 ΙΙ
538 3569 620 3632 aptas
639 3571 668 3618 ct
691 3567 713 3618 G
734 3564 797 3632 (L)=
828 3564 931 3633 aptas&
948 3566 1012 3630 (crau
1028 3567 1110 3631 a=r)
1128 3568 1158 3618 H
1180 3565 1257 3631 (ande
1275 3572 1386 3635 aptaret
1407 3573 1431 3620 ic
1453 3577 1479 3620 et
1500 3577 1559 3620 ante

412 3665 488 3701 corr.
507 3649 530 3709 t,
549 3654 617 3716 apta
635 3654 665 3702 at
681 3650 730 3716 H).
755 3647 768 3718 ss
795 3654 811 3701 6
828 3652 1041 3718 compositione:
1063 3655 1100 3705 sic
1125 3654 1194 3706 GH..
1207 3650 1219 3720 ΙΙ
1242 3654 1467 3721 megalographia
1488 3657 1557 3706 dua:

414 3734 610 3800 malographia
629 3734 680 3786 GH
697 3730 741 3799 (L,
760 3736 899 3801 melophia
916 3741 940 3788 lc
953 3734 1024 3802 [usD.
1040 3734 1083 3804 118
1102 3729 1266 3805 fuliginibus
1279 3741 1310 3789 H
1318 3738 1385 3804 (Li):
1405 3739 1560 3803 fulginibns

397 3820 442 3871 -G
460 3816 499 3882 (et
515 3826 574 3870 assic
592 3833 660 3874 mr.
677 3820 713 3885 c).
735 3817 748 3888 ΙΙ
771 3823 787 3872 9
805 3819 958 3886 extraffilto
976 3829 1036 3872 unte
1053 3837 1122 3873 cerr.
1142 3825 1177 3873 H.
1203 3820 1216 3890 ΙΙ
1239 3826 1272 3875 10
1288 3823 1400 3874 silaceis
1417 3825 1488 3876 Joc:
1512 3824 1559 3874 sil·

415 3904 477 3955 cais
497 3903 526 3965 G,
545 3901 656 3956 silaceis
674 3906 703 3955 H
720 3902 740 3970 (i
757 3912 783 3956 si
800 3913 859 3957 aute
876 3922 945 3957 cerr.
965 3921 993 3969 c,
1018 3905 1124 3958 siliceis
1145 3909 1177 3966 L,
1202 3907 1301 3958 ciliciis
1318 3905 1381 3970 ccli).
1403 3903 1415 3974 ΙΙ
1444 3922 1474 3957 se
1492 3909 1557 3956 omi·

414 3988 527 4040 nuccii
544 3987 574 4039 H
592 3986 798 4054 (scominlaceis
815 3996 875 4041 ante
898 4007 967 4043 corr.
985 3990 1021 4056 c).
1045 3988 1057 4057 Η
1082 3993 1112 4041 11
1135 3991 1283 4057 Explicata
1307 4006 1417 4042 camara
1441 4005 1509 4056 pura
1532 3995 1559 4040 et

414 4072 507 4139 polita
523 4071 614 4124 Selia:
635 4073 792 4140 explicatas
810 4089 917 4127 camere
929 4092 1016 4143 purae
1028 4075 1135 4142 politae
1149 4076 1183 4137 H,
1203 4076 1341 4141 explicate
1355 4091 1462 4141 camera
1480 4089 1559 4140 pure·

415 4156 504 4224 polita
523 4157 553 4211 θ.
575 4153 589 4225 ΙΙ
611 4160 644 4209 ia
661 4159 686 4210 si
709 4160 768 4225 qui:
794 4161 832 4210 stc
851 4160 909 4212 GH.
932 4156 945 4225 ΙΙ
968 4162 1000 4211 13
1021 4160 1100 4210 utilis
1123 4175 1186 4226 app.
1208 4161 1298 4211 Selia:
1328 4158 1405 4210 utilis
1428 4163 1471 4210 est
1494 4175 1557 4224 app.

417 4241 479 4293 GH.
503 4236 516 4308 [1
538 4233 663 4293 14‘infra
681 4243 771 4294 Scina
790 4244 865 4295 intra
884 4245 943 4296 GH.
967 4240 979 4308 ΙΙ
1001 4243 1168 4303 tricliniis,
1186 4244 1293 4295 triclini
1311 4244 1339 4294 H
1358 4241 1438 4310 (Lis).
1460 4240 1472 4311 {l
1497 4244 1558 4294 alti·

416 4325 516 4377 tudine
533 4341 593 4392 eqo:
612 4326 731 4380 altitudo
750 4330 809 4380 GH.
832 4325 1070 4395 nasamonas:
1092 4333 1130 4381 sic
1149 4329 1208 4383 GH.
1232 4326 1244 4395 Η
1268 4331 1299 4378 16
1322 4328 1488 4394 fastigatum
1508 4330 1559 4379 GH

418 4411 461 4473 (lc,
480 4410 654 4477 fastigiatum
671 4412 716 4477 L).
738 4410 751 4479 ΙΙ
772 4413 911 4465 incanalis
928 4421 988 4465 uate
1006 4430 1074 4467 cerr.
1096 4415 1124 4468 θ,
1153 4411 1165 4481 ΙΙ
1193 4417 1223 4464 17
1242 4414 1346 4464 habeat
1363 4416 1416 4467 eet:
1436 4414 1559 4465 habeant

418 4495 480 4545 GH.
506 4491 519 4562 ΙΙ
546 4497 579 4548 1a
601 4496 752 4549 csabulene
776 4497 810 4549 0:
843 4504 872 4549 et
892 4498 1024 4549 sabulone
1049 4501 1076 4549 H
1099 4497 1179 4564 (Llc).
1204 4493 1217 4564 ΙΙ
1243 4500 1274 4548 19
1296 4497 1418 4550 libellam
1440 4513 1555 4550 summo:

416 4580 456 4630 sic
474 4579 525 4631 GH
543 4581 589 4646 (cs.
606 4580 691 4647 epit).
707 4577 766 4648 1121
785 4584 942 4648 pytismatis
959 4584 1037 4636 Sala.
1050 4583 1167 4647 (Voss.):
1185 4582 1358 4648 sputismatis
1377 4584 1436 4634 GII.
1449 4580 1461 4651 Η
1473 4584 1558 4635 effun-

418 4664 494 4714 ditur
509 4666 581 4717 Joc.:
597 4663 713 4717 —datnr
730 4667 788 4718 GH.
813 4665 825 4735 ΙΙ
846 4670 880 4719 22
898 4667 1027 4721 siccescit
1044 4668 1074 4718 H
1092 4665 1150 4735 (ωε
1168 4668 1298 4719 siccessit
1310 4668 1332 4718 G
1345 4665 1400 4734 (L).
1425 4667 1438 4737 ΙΙ
1459 4672 1493 4722 24
1510 4686 1559 4738 pa·

418 4746 617 4802 vimentc'aute
634 4766 705 4806 corr.
725 4752 753 4803 θ.
