3984 5825
492 630 550 704 los
813 708 819 720 .
979 645 1136 692 vrrauvu

489 799 536 863 uti
558 799 748 883 magnitudo
776 800 984 884 symmetriae
1013 820 1122 861 eorum
1145 797 1215 863 foro
1237 797 1443 885 respondeat.
1489 799 1634 862 maximo

489 900 622 985 quidem
645 902 735 963 curia
757 902 791 963 in
813 901 926 985 primis
951 910 999 962 est
1022 899 1173 962 facienda
1194 899 1236 963 ad
1251 899 1447 985 dignitatem
1462 900 1635 985 municipii
1684 944 1688 948 ,

490 1004 559 1065 sivo
582 1002 736 1064 civitatis.
782 1012 814 1064 et
836 1002 865 1065 si
887 1000 1046 1085 quadrata
1068 1003 1138 1082 erit,
1163 1011 1319 1086 quantum
1347 999 1500 1065 habuerit
1522 999 1633 1064 latitu-

489 1102 575 1165 dinis
609 1101 747 1165 dimidia
781 1102 894 1165 addita
922 1105 1138 1167 constituatur
1165 1102 1324 1185 altitudo,
1359 1105 1410 1166 sin
1439 1113 1548 1166 aritem
1577 1101 1633 1166 ob-

455 1202 586 1288 elonga
611 1202 725 1284 fuerit,
764 1202 931 1288 longitudo
966 1216 997 1268 ct
1031 1204 1170 1269 latitudo
1203 1215 1414 1291 componatur
1447 1217 1479 1267 et
1507 1227 1635 1268 summa

490 1305 682 1391 composita,
707 1306 776 1369 eius
799 1306 935 1370 dimidia
958 1330 1032 1392 pars
1057 1306 1116 1369 sub
1139 1305 1313 1368 lacunariis
1336 1305 1503 1370 altitudini
1527 1307 1633 1370 detur.

489 1415 655 1495 praeterea
682 1407 915 1493 praecingendi
949 1419 1024 1472 sunt
1052 1410 1191 1494 parietes
1226 1407 1325 1469 medii
1358 1410 1485 1472 coronis
1515 1430 1557 1471 ex
1584 1410 1668 1471 in-s‘

489 1510 608 1573 testino
637 1531 733 1596 opere
767 1520 821 1571 aut
849 1508 973 1572 albario
1003 1509 1045 1572 ad
1073 1508 1244 1572 dimidiam
1278 1519 1402 1595 partem
1436 1508 1634 1574 altitudinis.

489 1613 622 1698 quaesi
645 1634 709 1675 non
732 1624 837 1691 erunt,
861 1634 925 1674 vox
948 1611 996 1675 ibi
1019 1611 1254 1697 disputantium
1276 1609 1361 1673 elata
1375 1611 1410 1674 in
1424 1610 1635 1675 altitudinem

382 1751 389 1764 .
443 1721 471 1769 to
489 1711 669 1776 intellectui
690 1735 756 1777 non
771 1715 890 1800 poterit
911 1735 983 1776 esse
999 1713 1217 1777 aridientibus.
1263 1735 1336 1775 cmn
1363 1722 1472 1776 autem
1502 1714 1633 1777 coronis

490 1816 668 1900 praecincti
689 1816 829 1901 parietes
852 1825 956 1897 erunt,
981 1837 1047 1879 vox
1069 1814 1110 1878 ab
1132 1817 1216 1895 imis,
1239 1825 1364 1887 morata
1385 1815 1577 1901 priusquam
1600 1815 1635 1878 in

490 1939 566 1980 uera
588 1915 673 1979 elata
696 1915 924 2003 dissipabitur,
948 1917 1081 1981 auribus
1105 1919 1165 1980 erit
1187 1915 1362 1980 intellecta.

431 2025 470 2074 111
574 2017 656 2081 Cum
671 2017 778 2081 forum
800 2020 1011 2083 constitutum
1032 2017 1141 2098 fuerit,
1164 2028 1233 2081 tum
1256 2018 1390 2082 deorum
1412 2018 1634 2083 imnortalium
1655 2038 1667 2084 1

490 2120 605 2184 diebus
644 2118 736 2182 festis
775 2118 925 2183 ludorum
958 2119 1215 2205 spectationibus
1254 2117 1424 2203 eligendus
1459 2131 1507 2183 est
1542 2119 1633 2185 locus

441 2232 471 2278 15
490 2221 617 2285 theatro
644 2242 740 2306 quam
763 2219 1011 2302 saluberrirnus,
1040 2222 1090 2283 uti
1119 2221 1154 2284 in
1182 2221 1286 2306 primo
1315 2219 1398 2287 libro
1427 2221 1470 2284 de
1492 2220 1632 2286 salubri-

490 2322 610 2387 tatibus
633 2322 666 2383 in
689 2322 850 2385 moenium
874 2320 1151 2385 conlocationibus
1174 2332 1223 2385 est
1245 2324 1411 2408 scriptum.
1457 2345 1516 2407 per
1536 2320 1633 2387 ludos

490 2424 576 2488 enim
604 2444 676 2485 cum
705 2423 898 2507 coniugibus
926 2432 958 2487 et
985 2422 1097 2488 liberis
1125 2421 1335 2510 persedentes
1358 2421 1632 2488 delectationibus

489 2525 675 2589 detinentur
702 2535 733 2588 et
761 2547 896 2611 corpora
929 2535 1062 2611 propter
1094 2523 1295 2612 voluptatem
1327 2527 1450 2589 inmota
1482 2535 1633 2612 patentes

489 2626 610 2691 habent
632 2648 749 2708 venas,
772 2628 806 2690 in
828 2649 907 2712 quas
930 2626 1078 2691 insidunt
1100 2649 1251 2690 aurarum
1273 2626 1386 2709 flatus,
1410 2628 1467 2713 qni
1488 2630 1519 2693 si
1539 2651 1561 2691 a
1581 2650 1631 2691 re-

438 2739 471 2786 '20
488 2728 640 2814 gionibus
667 2727 866 2815 palustribus
893 2738 950 2793 aut
978 2728 1053 2794 aliis
1076 2729 1265 2814 regionibus
1289 2729 1418 2792 vitiosis
1439 2729 1632 2811 advenient,

488 2841 640 2895 nocentes
669 2831 802 2918 spiritus
831 2830 1022 2919 corporibus
1050 2831 1234 2896 infundent.
1282 2832 1393 2918 itaque
1420 2831 1448 2894 si
1470 2830 1631 2895 curiosius

488 2932 627 3018 eligetur
660 2931 750 2998 locus
783 2933 926 3015 theatro,
959 2934 1152 2999 vitabuntur
1183 2934 1275 2999 vitia.
1326 2933 1487 3020 etiamque
1519 2935 1666 3019 provi-2

489 3034 632 3099 dendum
655 3047 704 3099 est
726 3057 809 3098 nene
830 3036 972 3123 impetus
995 3036 1114 3100 habeat
1136 3058 1156 3097 a
1177 3035 1325 3098 meridie.
1375 3032 1425 3099 sol
1447 3036 1535 3097 enim
1557 3056 1632 3098 cum

489 3136 601 3224 implet
635 3139 703 3201 eius
736 3136 989 3219 rotunditatem,
1028 3159 1085 3201 aer
1116 3135 1286 3202 conclusus
1319 3145 1494 3201 curvatura
1525 3158 1632 3223 neque

438 3250 472 3297 ns
488 3238 612 3303 habens
627 3248 821 3324 potestatem
843 3238 986 3324 vagandi
1009 3237 1170 3304 versando
1192 3237 1412 3303 confervescit
1433 3248 1466 3301 et
1487 3237 1632 3302 candens

488 3339 597 3404 adurit
623 3340 841 3425 excoquitque
867 3353 900 3404 ct
925 3340 1080 3405 inminuit
1109 3362 1126 3403 e
1153 3338 1342 3427 corporibus
1369 3361 1507 3405 umores.
1556 3339 1633 3403 ideo

489 3440 631 3503 maxime
655 3438 809 3504 vitandae
830 3452 906 3505 sunt
927 3442 978 3506 his
1000 3441 1097 3505 rebus
1120 3442 1259 3505 vitiosae
1280 3442 1431 3525 regiones
1453 3451 1486 3504 et
1506 3440 1632 3527 eligen-

488 3540 551 3603 dae
566 3538 724 3604 salubres.
755 3541 1039 3608 fundamentorum
1060 3552 1180 3624 autem,
1202 3543 1231 3605 si
1253 3543 1289 3605 in
1309 3542 1475 3606 montibus
1498 3541 1666 3623 fuerint,s

489 3639 617 3704 facilior
631 3642 692 3704 erit
707 3643 802 3724 ratio,
825 3642 884 3707 sed
906 3646 934 3708 si
956 3646 1134 3708 necessitas
1156 3645 1299 3728 coegerit
1320 3645 1354 3707 in
1376 3641 1474 3729 plano
1496 3654 1554 3707 aut
1576 3666 1632 3729 pa-

439 3750 473 3796 30
489 3739 586 3805 lustri
617 3740 687 3806 loco
720 3765 759 3806 ca
787 3747 957 3826 constitui,
991 3746 1203 3811 solidationes
1231 3744 1557 3830 substructionesque
1586 3747 1633 3809 ita

490 3854 584 3906 erunt
597 3842 778 3928 faciendae,
801 3847 1073 3932 quemadmodum
1095 3847 1136 3910 de
1158 3845 1404 3911 frmdationibus
1426 3844 1558 3911 aedium
1582 3867 1632 3909 sa·

560 4071 573 4118 1
590 4068 758 4135 respondeat
774 4071 829 4123 eet:
847 4071 1035 4138 respondeant
1054 4067 1140 4139 ffll
1157 4073 1291 4122 tsumms
1303 4071 1456 4137 composita
1466 4071 1540 4122 loe:
1559 4086 1632 4121 sum-

491 4168 552 4203 mae
570 4152 658 4219 (ητις
677 4155 710 4218 G)
728 4155 874 4221 conposita
893 4157 943 4206 GH
960 4155 1019 4221 (sed
1036 4157 1071 4205 (30
1088 4155 1278 4221 compositae).
1306 4160 1319 4221 Η
1345 4155 1522 4205 blacnnsris
1540 4156 1602 4207 GH.

491 4252 633 4303 usnam
652 4242 730 4319 r-nt,
747 4256 806 4318 aa:
826 4272 894 4307 -ne
914 4256 964 4306 en
982 4256 1061 4320 (nc).
1083 4253 1097 4324 u
1117 4258 1135 4308 s
1152 4272 1235 4322 opero
1249 4256 1283 4306 c:
1303 4273 1356 4321 ops
1373 4258 1404 4306 ιι
1420 4254 1483 4319 (ope
1493 4255 1545 4321 a).
1565 4252 1579 4321 fl
1600 4259 1633 4307 ιι

491 4337 711 4402 spectationibus
726 4341 798 4391 ‚loct
822 4341 1079 4406 exspectationibus
1098 4342 1161 4405 (exp
1171 4366 1203 4377 -
1221 4342 1261 4405 Η)
1281 4341 1339 4391 GH.
1361 4339 1375 4407 ΙΙ
1396 4342 1428 4391 16
1446 4341 1476 4389 in
1493 4342 1633 4411 moenium

494 4421 520 4469 H
538 4420 621 4486 (Ltcb
649 4423 798 4475 immoenu‘r
817 4426 846 4476 G.
873 4421 887 4492 l}
914 4427 946 4475 19
968 4425 1093 4477 insidunt
1113 4426 1169 4475 est:
1191 4431 1309 4475 -nntur
1330 4422 1405 4489 tunt*
1427 4423 1460 4488 G)
1480 4424 1540 4478 GH.
1563 4422 1577 4490 ΙΙ
1599 4426 1632 4474 22

492 4503 606 4570 eligitur
623 4514 682 4558 aare
704 4523 773 4558 corr.
794 4508 824 4559 G.
846 4504 859 4574 11
886 4511 918 4559 ⁸23
941 4523 1012 4559 nene
1031 4509 1061 4558 11
1082 4508 1117 4573 (tc
1137 4516 1164 4559 et
1180 4518 1241 4559 nte
1261 4524 1331 4560 corr.
1351 4508 1406 4570 L).:
1431 4523 1467 4558 ns
1486 4507 1509 4558 θ
1527 4507 1596 4571 (ιθ).
1617 4504 1621 4571 l

491 4605 524 4653 tt
546 4594 646 4676 crucis
668 4608 711 4659 (3⁶.
739 4605 752 4673 Η
779 4590 907 4675 §³³1an
931 4611 967 4659 G‘
992 4607 1133 4675 (seligens
1158 4611 1200 4668 Gt.
1227 4605 1240 4673 ll
1266 4610 1301 4659 28
1327 4608 1431 4660 tuerint
1452 4608 1538 4659 Hm:
1571 4610 1632 4669 tue·

491 4688 530 4736 rit
548 4689 607 4738 (aa.
