3984 5825
443 631 506 694 160
931 647 1091 694 vrrnrvrr

438 797 536 862 Pollis
551 799 715 863 Leonidas
732 799 879 863 Silanion
893 798 1076 886 Melampus
1099 799 1261 864 Sarnacus
1283 798 1489 885 Euphranor.
1520 817 1583 858 non

435 904 543 966 minus
566 903 608 964 de
630 901 936 981 machinationibus,
958 903 1009 964 uti
1031 901 1156 964 Iliades
1178 899 1342 987 Archytas
1365 896 1581 963 Archimedes

436 1003 601 1068 Ctesibios
626 1002 878 1089 Nymphodorus
900 1001 996 1066 Philo
1018 1002 1200 1089 Byzantius
1227 1001 1381 1088 Diphilos
1409 998 1582 1064 Damocles

436 1104 597 1168 Charidas
625 1104 780 1190 Polyidos
815 1105 935 1190 Pyrros
963 1105 1201 1188 Agesistratos.
1250 1126 1387 1191 quorum
1420 1124 1464 1166 ex
1497 1123 1581 1165 com-

401 1204 604 1270 omentariis
628 1227 712 1292 quae
733 1204 826 1270 utilia
849 1227 920 1269 esse
942 1205 994 1269 his
1017 1205 1115 1271 rebus
1136 1205 1367 1288 animadverti,
1391 1202 1528 1268 collecta
1549 1203 1582 1265 in

434 1331 535 1371 unum
558 1309 650 1392 coegi
673 1329 800 1394 corpus,
824 1317 856 1370 ct
878 1307 952 1371 ideo
973 1309 1117 1371 maxime
1138 1307 1226 1395 quod
1247 1305 1466 1371 animadverti
1487 1305 1523 1367 in
1547 1325 1582 1366 ea

435 1433 471 1473 re
492 1410 535 1473 ab
553 1409 689 1474 Graecis
711 1409 879 1474 volumina
901 1409 993 1495 plura
1017 1410 1117 1492 edita,
1139 1409 1317 1474 abnostris
1340 1407 1462 1495 oppido
1485 1427 1581 1492 quam

436 1535 551 1598 pauca.
579 1511 724 1575 Fuficius
741 1513 827 1575 enim
849 1512 968 1575 mirum
990 1511 1032 1574 de
1055 1511 1106 1576 his
1129 1511 1225 1575 rebus
1248 1512 1283 1574 ni
1298 1511 1423 1596 primus
1439 1508 1582 1572 instituit

436 1613 533 1676 edere
560 1612 728 1695 volumen,
757 1613 837 1685 item
858 1613 1031 1677 Terentius
1055 1613 1159 1676 Varro
1187 1613 1229 1675 de
1255 1633 1374 1675 novem
1396 1607 1581 1695 disciplinis

386 1728 417 1776 to
435 1738 535 1779 unum
552 1714 593 1776 de
615 1714 842 1795 architectura,
866 1713 1002 1778 Publius
1019 1714 1197 1801 Septimius
1220 1714 1295 1778 duo.
1338 1710 1480 1799 amplius
1504 1731 1582 1774 vero
1601 1721 1631 1770 15

435 1818 469 1879 in
492 1816 526 1879 id
549 1838 651 1901 genus
675 1817 854 1901 scripturae
875 1815 982 1880 adhuc
1003 1838 1098 1879 nemo
1120 1815 1308 1879 incubuisse
1330 1813 1479 1897 videtur,
1510 1834 1582 1876 cum

435 1919 574 1982 fuissent
590 1927 622 1980 ct
636 1919 763 2003 antiqui
785 1919 874 1981 cives
897 1919 1006 2003 magni
1028 1917 1209 1999 architecti,
1232 1916 1288 2003 qui
1310 1917 1497 2002 potuissent
1519 1935 1582 1978 non

435 2020 541 2083 minus
571 2018 736 2103 eleganter
763 2021 884 2104 scripta
912 2041 1110 2105 comparare.
1160 2040 1299 2104 namque
1320 2017 1461 2081 Athenis
1486 2015 1582 2080 Anti-

434 2132 535 2186 states
564 2131 596 2184 ct
619 2119 842 2184 Callaeschros
869 2129 909 2205 etx
923 2120 1171 2184 Antimachides
1200 2129 1232 2184 et
1253 2119 1386 2184 Porinos
1408 2117 1585 2182 architecti

385 2237 416 2286 15
437 2224 606 2287 Pisistrato
633 2223 748 2285 aedem
775 2222 849 2286 Iovi
877 2220 1032 2308 Olympio
1058 2222 1192 2285 facienti
1219 2221 1431 2285 fundamenta
1459 2219 1583 2283 consti-

434 2334 580 2405 tuerunt,
615 2333 688 2410 post
724 2332 860 2386 mortem
889 2333 997 2386 autem
1026 2324 1094 2387 eius
1121 2333 1254 2410 propter
1282 2320 1583 2409 interpellationem

434 2424 634 2512 reipublicae
663 2427 793 2510 incepta
819 2423 1031 2510 reliquerunt.
1081 2426 1191 2511 itaque
1220 2425 1348 2488 circiter
1374 2425 1471 2487 annis
1503 2444 1582 2508 qua-

434 2527 615 2612 dringentis
649 2536 722 2613 post
749 2525 932 2589 Antiochus
964 2548 1025 2588 rex
1060 2548 1132 2589 cum
1164 2527 1199 2589 in
1231 2527 1265 2590 id
1299 2547 1378 2618 opus
1407 2526 1584 2611 inpensam

435 2639 521 2693 essct
550 2628 736 2715 pollicitus,
767 2626 867 2691 cellae
894 2627 1153 2712 magnitudinem
1181 2637 1213 2690 et
1241 2626 1464 2691 columnarum
1494 2627 1585 2689 circa

383 2746 416 2795 to
435 2732 587 2819 dipteron
615 2729 870 2796 conlocationem
901 2728 1191 2815 epistyliorumque
1220 2738 1252 2793 et
1279 2736 1460 2792 ceterorum
1485 2749 1583 2793 orna·

435 2846 615 2898 mentorum
652 2833 695 2896 ad
729 2832 951 2919 symmetriam
984 2829 1247 2893 distributionem
1278 2850 1398 2915 magna
1432 2828 1585 2893 sollertia

435 2938 636 3023 scientiaque
670 2957 795 3000 summa
828 2934 911 2997 ciris
944 2934 1109 2997 Romanus
1138 2931 1305 2996 Cossutius
1338 2930 1498 2995 nobiliter
1532 2940 1584 2995 est

434 3039 675 3104 architectatus.
720 3036 755 3099 id
776 3044 884 3099 autem
907 3055 987 3120 opus
1009 3056 1074 3097 non
1095 3033 1192 3101 modo
1214 3032 1311 3117 vulgo
1334 3030 1393 3096 sed
1421 3032 1524 3095 etiam
1546 3032 1583 3095 in

436 3140 546 3226 parteis
574 3162 594 3203 a
622 3138 864 3224 magnificentia
885 3136 1080 3200 nominatur.
1128 3157 1204 3198 nam
1226 3143 1376 3221 quattuor
1397 3132 1479 3198 locis
1504 3142 1584 3197 sunt
1604 3144 1637 3192 16

502 3428 514 3472 1
534 3424 660 3473 leonidas
680 3426 713 3474 G:
738 3425 861 3475 leonides
879 3426 910 3474 H
926 3425 1004 3488 (Llc).
1028 3422 1040 3491 ΙΙ
1066 3426 1142 3475 suri
1159 3424 1256 3475 diades
1273 3425 1305 3474 H
1319 3423 1351 3487 (l,
1369 3423 1411 3474 uti
1427 3423 1521 3474 diadis
1540 3425 1582 3482 ch,

433 3509 463 3553 ut
481 3505 588 3553 idiades
606 3505 651 3568 L),
670 3507 804 3557 utidiates
823 3509 853 3560 G.
875 3506 887 3572 ΙΙ
910 3509 1033 3559 architas
1053 3510 1081 3568 G,
1101 3509 1266 3573 aroychytas
1283 3515 1343 3559 ante
1364 3523 1417 3559 ras.
1436 3508 1474 3557 H.
1498 3505 1511 3574 Η
1536 3522 1583 3557 ar·

433 3586 579 3649 chymedes
596 3588 626 3634 H
643 3587 827 3648 (archimedes
844 3591 915 3652 Lle):
935 3592 1106 3641 archimedes
1127 3594 1156 3643 G.
1174 3590 1222 3659 113
1241 3592 1379 3643 Ctesibica
1390 3592 1459 3643 doc:
1481 3596 1512 3641 ct
1525 3592 1584 3645 esis

432 3670 494 3719 bios
515 3670 543 3726 G,
562 3668 689 3720 &esibios
707 3672 739 3719 H
754 3670 841 3734 (Lech,
860 3671 1004 3723 &eusibios
1022 3691 1044 3733 c,
1061 3676 1184 3728 resibios
1201 3676 1229 3741 1).
1252 3673 1265 3743 Η
1285 3675 1522 3743 phylobyaanteos
1541 3677 1583 3736 H,

432 3753 606 3818 philobizant
627 3769 674 3804 eos
698 3755 728 3804 G.
755 3750 767 3819 ΙΙ
797 3754 924 3821 diphylos
945 3757 983 3806 H.
1007 3753 1020 3823 ΙΙ
1044 3758 1183 3811 democles
1200 3762 1233 3810 H
1252 3759 1335 3823 (Llc):
1361 3757 1490 3811 demades
1512 3759 1544 3810 G.
1566 3756 1581 3826 Η

431 3836 609 3887 4111111111
631 3840 669 3887 stc
688 3839 741 3888 GH
761 3836 843 3901 (infra
861 3840 895 3898 X,
914 3843 957 3903 13,
978 3845 995 3891 3
1018 3844 1109 3893 carias
1128 3841 1199 3910 GH).
1217 3840 1233 3910 Ι]
1254 3843 1372 3910 Pyrrhos
1388 3843 1477 3895 Vota:
1502 3843 1581 3908 phir-

432 3936 476 3971 ros
496 3922 526 3985 G,
544 3922 659 3987 phyrros
676 3924 709 3971 ll
724 3922 801 3985 (Hc).
825 3920 838 3989 ll
862 3925 1047 3989 agesistratas
1067 3928 1125 3977 GH.
1148 3925 1161 3993 ss
1184 3930 1200 3978 5
1218 3924 1581 3979 collecta-animadverti

435 4007 468 4056 Gr
487 4022 534 4058 om.
553 4006 584 4054 ΙΙ
600 4004 659 4068 (hle
678 4003 999 4074 [[Ἱ).ΙΙ81111111111111
1019 4010 1076 4065 GH.
1101 4007 1114 4077 ΙΙ
1135 4013 1165 4061 ni
1183 4014 1285 4078 primns
1303 4028 1363 4078 epo:
1382 4008 1533 4076 inprimusl
1548 4012 1579 4070 G,

432 4090 535 4155 primns
553 4090 584 4138 ΙΙ
599 4088 678 4155 (He).
697 4098 774 4142 antea
790 4093 829 4141 sic
845 4094 1013 4157 scripseram:
1032 4094 1154 4146 Fuficius
1172 4097 1299 4147 nimirum
1316 4095 1351 4145 de
1369 4095 1412 4145 his
1424 4094 1509 4145 rebus
1521 4095 1579 4159 pri-

432 4188 490 4224 mns
587 4168 600 4239 ΙΙ
621 4176 637 4224 9
655 4176 804 4225 terrentius
824 4177 852 4229 G.
876 4172 889 4242 [Ι
912 4178 944 4226 10
961 4177 991 4226 Ρ.
1013 4177 1160 4243 Septimius
1183 4184 1224 4232 ed.
1233 4199 1245 4246 :⁴
1267 4180 1391 4246 septimis
1410 4176 1476 4245 (siae
1495 4178 1524 4245 p)
1546 4180 1577 4242 G,

432 4257 592 4322 psoptimius
610 4260 641 4307 H
651 4257 729 4323 (Hc).
744 4256 756 4324 ΙΙ
774 4261 806 4309 14
824 4258 1012 4325 111111111101
1032 4264 1061 4325 G,
1082 4264 1266 4315 cellescheros
1282 4266 1315 4314 H
1330 4262 1411 4329 (Lu).
1430 4260 1442 4329 ΙΙ
1466 4280 1579 4330 pormos

431 4340 463 4388 II
479 4338 563 4404 (hle),
587 4342 697 4406 porinos
721 4343 750 4395 G.
774 4339 786 4410 [Ι
810 4344 842 4394 15
864 4342 1006 4409 oly(i)mpo
1030 4347 1076 4397 tet.
1104 4344 1116 4413 ss
1145 4350 1175 4399 tr
1194 4349 1254 4413 regi
1275 4347 1388 4413 publice
1406 4348 1439 4397 H
1461 4347 1499 4410 (et
1517 4354 1579 4397 ante

431 4434 499 4473 corr.
519 4427 539 4486 l,
558 4441 608 4475 non
630 4421 664 4489 c).
687 4422 699 4491 ΙΙ
723 4427 931 4493 quadringentis
956 4428 1068 4481 Mensae
1091 4430 1216 4482 ducentis
1236 4432 1295 4483 GH.
1321 4428 1335 4498 ss
1357 4434 1389 4482 ts
1408 4428 1578 4497 anthiloous

431 4506 468 4557 H.
496 4503 508 4571 11
536 4508 680 4572 impinsam
703 4517 762 4560 aare
784 4527 852 4562 corr.
881 4513 921 4570 H,
949 4513 1101 4578 impensam
1126 4515 1192 4565 H0G
1219 4514 1378 4581 (inpensam
1405 4516 1443 4575 L,
1472 4516 1577 4564 inmen-

431 4601 491 4718 εἵσω
512 4588 594 4736 Ιὲἰὲ)[1
621 4595 654 4643 23
677 4593 829 4645 arehitstus
854 4596 882 4647 G.
910 4592 922 4664 ΙΙ
950 4596 1032 4664 volgo
1053 4598 1083 4648 H
1109 4596 1217 4664 (volgus
1241 4607 1302 4650 ante
1328 4616 1398 4662 corr.
1424 4598 1462 4661 L,
1491 4598 1576 4664 vulgo
