3984 5825
518 640 566 687 on
588 641 750 688 mvreasrs
773 638 932 688 auamms
957 640 1295 689 sucurraorourcaa.
1416 627 1478 690 303
1559 668 1561 673 ·

331 801 365 855 et
393 791 520 856 nullum
549 814 696 857 umorem
725 792 768 855 ad
795 792 951 857 inferiora
982 792 1144 858 admittet.
1187 804 1300 880 postea
1326 794 1477 857 nucleum

331 915 393 957 sex
416 894 596 978 digitorum
617 894 764 976 induceS,
788 904 820 957 et
842 893 1029 980 frequenter
1051 894 1185 959 fricahis
1209 918 1249 959 ne
1265 905 1351 960 setas
1366 895 1477 978 faeiat,

330 1004 365 1058 et
386 1005 545 1058 tesseram
574 994 712 1059 duorum
734 1004 790 1058 aut
815 997 913 1059 trium
937 995 1114 1080 digitorum
1135 996 1235 1079 latam
1256 1019 1355 1084 supra
1376 998 1476 1083 inpri-

329 1119 401 1161 mes
434 1105 491 1159 aut
518 1095 648 1160 tabulas
678 1118 1050 1183 quammagnascumque
1081 1119 1292 1181 marmoreas,
1325 1107 1362 1161 ut
1388 1096 1476 1161 nullo

294 1196 430 1261 amodo
453 1197 580 1260 fabrica
602 1199 714 1261 vitiari
736 1199 851 1283 possit.
886 1199 914 1262 si
937 1200 1010 1284 quis
1033 1209 1141 1263 autem
1164 1198 1353 1284 diligentius
1371 1199 1477 1262 facere

330 1298 432 1380 volet,
456 1288 607 1362 bmnibus
629 1299 724 1362 annis
747 1308 822 1362 ante
845 1299 987 1363 hiemem
1009 1302 1174 1365 iuncturas
1197 1303 1308 1365 axium
1330 1300 1476 1364 faecibus

331 1401 496 1486 perungui
517 1399 627 1464 faciat.
672 1410 816 1464 testacea
842 1403 967 1487 spicata
988 1401 1148 1467 tiburtina
1169 1401 1357 1488 parimodo
1380 1402 1476 1466 frica-

329 1503 415 1566 turis
438 1510 470 1564 et
492 1501 704 1588 politionibus
728 1513 951 1566 exerceantur.

417 1603 459 1665 In
486 1602 610 1666 albario
639 1625 736 1690 opere
764 1604 884 1666 calcem
912 1605 959 1667 sic
981 1604 1119 1691 probare
1141 1605 1288 1670 debebis.
1333 1607 1366 1669 in
1389 1606 1478 1670 fossa
1507 1610 1555 1651 XX·
1582 1610 1611 1650 ⁰⁴·

1494 1663 1550 1702 ealce
1580 1676 1627 1715 pro·

279 1721 311 1768 10
331 1704 471 1788 calcem,
502 1726 584 1790 quae
606 1705 706 1769 multo
735 1714 811 1769 ante
832 1716 976 1792 tempore
999 1705 1098 1770 fuerit
1119 1717 1297 1788 macerata,
1327 1708 1368 1770 de
1389 1709 1478 1771 ascia
1493 1714 1627 1805 bggggpe‘i

331 1808 426 1892 quasi
448 1804 575 1890 lignum
598 1805 742 1889 dolabis,
774 1818 805 1873 et
827 1810 928 1871 aciem
951 1809 980 1870 si
1002 1830 1161 1893 nusquam
1183 1810 1357 1895 impegeris
1380 1819 1477 1894 atque
1501 1849 1555 1888 vm,
1570 1852 1615 1898 Η

329 1908 513 1972 adhaerens
536 1909 644 1990 asciae
665 1910 793 1972 viscosa
816 1909 992 1989 videbitur,
1018 1911 1139 1994 optima
1160 1912 1219 1973 erit
1235 1911 1325 1995 operi
1340 1910 1474 1974 albario.
1491 1899 1627 1952 ff¹¹¹·¹’¹⁴¹·

331 2019 480 2074 recenter
503 2012 649 2073 extincta
670 2020 703 2073 et
725 2008 885 2073 calculosa
907 2011 935 2073 si
957 2009 1073 2092 fuerit,
1104 2010 1181 2073 dum
1204 2013 1381 2074 siccescere
1404 2033 1474 2075 coe-

331 2113 418 2197 perit
441 2109 557 2173 calculi
580 2120 714 2196 crepant
737 2121 769 2174 et
791 2110 923 2175 inutiles
945 2112 1046 2174 rimae
1062 2112 1153 2197 operi
1169 2112 1361 2176 efficientur.
1388 2114 1475 2177 unde

279 2229 312 2276 15
331 2213 482 2297 proxime
504 2213 683 2276 extinctam
705 2215 740 2276 in
762 2235 842 2299 opus
864 2212 1024 2276 albarium
1046 2197 1176 2277 mitterb
1198 2236 1263 2278 non
1285 2222 1421 2300 oportet.

420 2313 575 2377 Gamerae
603 2336 680 2398 ergo
703 2316 870 2378 canniciae
893 2316 941 2378 sic
962 2324 1057 2378 erunt
1079 2316 1311 2404 disponendae.
1349 2336 1474 2378 asseres
1502 2324 1561 2384 XXI.-
1584 2325 1613 2364 1‘0

1485 2389 1571 2416 canteris
1578 2389 1625 2415 essii·

332 2416 465 2500 abiegni
486 2415 529 2478 ad
549 2414 671 2479 lineam
691 2425 748 2479 aut
769 2415 915 2500 regulam
934 2415 1114 2502 aequaliter
1129 2416 1322 2503 dirigantur,
1346 2439 1386 2481 ne
1402 2416 1475 2503 plus
1524 2428 1592 2467 nidis·

332 2518 475 2581 habeant
502 2516 733 2601 grossitudinis
761 2540 858 2603 quam
886 2518 1006 2601 digitos
1035 2528 1110 2582 tres.
1154 2519 1213 2584 hos
1242 2522 1327 2584 inter
1352 2542 1387 2584 se
1409 2541 1475 2582 ses·
1490 2514 1626 2616 (ΗΗΓΗΙΗ

333 2618 501 2706 quipedali
527 2641 679 2682 mensura
706 2618 830 2683 divisos
853 2619 1020 2683 ordinabis
1045 2630 1076 2682 et
1099 2621 1221 2683 catenis
1244 2621 1286 2683 ad
1309 2622 1475 2705 contigna-

279 2740 314 2786 20
332 2724 455 2786 tionem
481 2720 659 2806 suspendes
687 2722 734 2783 ita
755 2731 791 2784 ut
818 2721 915 2784 binae
936 2722 1080 2806 perticae
1101 2719 1289 2804 graciliores
1312 2724 1397 2785 inter
1421 2745 1474 2787 eos

333 2825 361 2887 si
388 2823 518 2905 missae,
545 2822 596 2885 his
619 2821 742 2885 faciant
763 2824 897 2887 tomices
919 2820 1089 2906 ligaturas.
1134 2830 1270 2885 catenae
1288 2833 1396 2886 autem
1419 2846 1474 2909 pa·
1577 2834 1579 2838 “

264 2919 270 2925 ’
332 2934 445 2989 rentur
476 2934 532 2989 aut
563 2925 604 2987 de
638 2925 786 3010 iimipero
819 2935 875 2989 aut
907 2924 994 2989 oliva
1025 2934 1082 2988 aut
1104 2924 1205 2999 ¹buxo
1226 2934 1282 2988 aut
1309 2947 1473 3011 cupresso

332 3048 480 3090 camerae
503 3049 543 3089 ex
573 3020 754 3090 harundine
774 3048 891 3110 graeca
913 3026 967 3089 vel
989 3025 1127 3113 palustri
1150 3025 1202 3090 vel
1224 3027 1380 3110 grossiori
1401 3048 1475 3088 rasa

333 3140 366 3193 et
403 3138 541 3192 contusa
578 3128 625 3192 sic
663 3138 878 3192 contexantur
916 3139 954 3193 ut
993 3127 1142 3193 fasciculi
1181 3127 1325 3213 aequalis
1364 3128 1473 3191 admo·

281 3249 315 3297 25
333 3230 412 3294 dum
433 3230 667 3313 grossitudinis
690 3239 722 3293 et
744 3229 958 3314 longitudinis
986 3239 1061 3311 ante
1083 3229 1242 3313 ligentur,
1266 3229 1322 3315 qui
1348 3230 1475 3315 possint

400 3507 517 3569 dquam
540 3520 656 3570 magnas
678 3515 767 3568 eumq·
789 3523 815 3564 o,
840 3505 1008 3569 quamagnas
1032 3505 1093 3568 cirq:
1115 3521 1159 3569 pp.
1187 3502 1199 3571 Η
1226 3520 1393 3556 mormoreas
1416 3512 1474 3554 ante

333 3606 402 3643 corr.
420 3606 449 3655 9,
472 3590 542 3639 mari
565 3604 673 3640 moreas
690 3608 713 3641 v.
736 3587 748 3656 Η
771 3592 786 3638 6
808 3590 917 3639 hiemen
934 3608 957 3643 υ.
982 3586 994 3655 Η
1020 3592 1035 3640 7
1058 3590 1174 3639 testatia
1195 3606 1252 3655 apg.
1277 3586 1288 3656 Η
1316 3588 1475 3641 &tiburtina

332 3692 382 3740 opp
400 3672 442 3738 (et
459 3677 508 3724 del.
527 3691 589 3724 mar.
608 3691 662 3723 eum
683 3673 772 3738 Vita).
797 3670 810 3741 Η
831 3677 847 3723 9
865 3674 892 3722 in
912 3674 988 3724 fossa
1007 3672 1111 3738 (-sam
1122 3674 1175 3737 ed.)
1194 3676 1264 3725 Pol:
1283 3676 1314 3723 In
1333 3675 1434 3725 fossum
1452 3692 1474 3731 v,
1567 3705 1580 3748 5

333 3760 445 3810 Infossir
467 3776 510 3825 pp.
535 3753 547 3825 Η
574 3761 603 3807 11
627 3759 775 3823 impegeris
798 3761 851 3808 ed:
879 3755 1125 3825 in(impp)pigeres
1146 3776 1195 3824 opp
1218 3759 1282 3822 (vitii
1300 3762 1396 3823 stonum
1413 3762 1474 3811 add.

332 3843 383 3909 9⁶).
406 3841 417 3910 Η
442 3845 473 3892 12
492 3844 586 3894 asciae
604 3844 716 3893 viscosa
734 3845 788 3893 ed:
808 3844 885 3892 ascia
901 3844 1081 3911 viscusavpp.
1105 3840 1117 3910 Η
1142 3848 1173 3894 13
1186 3847 1312 3892 recenter
1330 3844 1412 3893 Man:
1432 3858 1473 3891 re-

335 3931 483 3979 censentur
502 3924 549 3992 (-tl
564 3946 585 3986 o,
600 3926 637 3976 -t²
650 3928 680 3991 p)
698 3944 730 3992 up
743 3934 768 3976 et
780 3935 839 3977 ante
855 3944 939 3993 resp
953 3927 1061 3990 (recens
1075 3929 1146 3977 enim
1162 3927 1212 3990 9⁰).
1228 3923 1240 3992 Η
1256 3927 1407 3975 siccescere
1418 3943 1444 3990 9.
1460 3923 1471 3991 Η

335 4016 367 4063 14
385 4012 487 4063 caleoli
504 4031 527 4065 o.
549 4009 560 4079 Η
586 4015 617 4063 15
635 4013 756 4078 proxime
776 4013 927 4061 extinctam
949 4016 1004 4063 ert:
1033 4012 1156 4076 proxima
1179 4012 1302 4059 extincta
1323 4026 1381 4075 epp.
1406 4006 1418 4075 Η
1442 4012 1473 4059 16

333 4098 503 4163 disponenda
525 4114 552 4147 v:
576 4098 773 4163 quodponendp
797 4096 971 4161 (qdponende
990 4097 1018 4160 p)
1041 4113 1083 4162 pp.
1108 4093 1120 4160 Η
1148 4097 1178 4145 17
1203 4094 1327 4159 abiegni:
1352 4096 1474 4143 abstinei

333 4199 384 4247 opp
402 4180 483 4245 (immo
501 4183 643 4247 cupresrei,
666 4198 716 4231 eoo
738 4182 854 4247 abiegnei
879 4197 930 4231 sec.
958 4182 1039 4243 Vita,
1072 4180 1105 4241 cf.
1128 4180 1194 4229 Pau.
1217 4178 1286 4243 ligni
1309 4178 1405 4243 gallici
1427 4177 1474 4229 vel

335 4268 480 4333 cupressi).
507 4263 519 4333 Η
549 4268 580 4315 18
603 4266 803 4331 grossitudines
828 4284 857 4331 p,
884 4263 895 4332 Η
922 4266 975 4315 hoc
999 4266 1071 4314 inter
1094 4264 1227 4328 sesqui(q;
1245 4263 1288 4328 op)
1312 4264 1403 4328 pedali
1425 4280 1473 4328 opp

335 4351 414 4415 (corr.
428 4354 468 4402 ecl.
482 4368 517 4401 eac
529 4351 615 4415 Pau).
633 4346 644 4416 Η
660 4353 692 4400 21
706 4352 731 4399 si
742 4354 843 4401 missae
854 4348 950 4415 (sunt),
963 4349 1006 4398 his
1019 4365 1077 4412 epo:
1091 4348 1242 4399 simissales
1253 4366 1310 4415 opp.
1329 4346 1341 4415 Η
1357 4350 1474 4399 tumiees

333 4436 476 4501 legaturas
494 4453 538 4501 ep,
562 4437 671 4485 tuniees
694 4436 830 4501 ligaturas
852 4451 876 4500 9.
901 4431 912 4500 Η
936 4433 1045 4483 catinae
1068 4451 1108 4497 op.
1134 4431 1145 4499 Η
1166 4437 1198 4483 22
1217 4435 1342 4500 iunipore
1360 4453 1382 4485 υ.
1406 4431 1418 4500 Η
1440 4438 1473 4484 23

334 4520 451 4585 palestri
467 4538 511 4587 pp.
527 4518 540 4587 Η
557 4526 590 4574 24
608 4524 736 4574 fasciculi
754 4542 813 4591 epo:
831 4524 974 4574 hiscirculi
986 4539 1044 4587 epp.
1067 4519 1079 4587 Η
1102 4522 1220 4585 (circuli)
1240 4518 1334 4584 quales
1353 4536 1378 4569 a.
1398 4534 1473 4584 gros-

334 4606 470 4657 situdines
488 4606 717 4675 &longitudines
740 4611 935 4675 antelegentur
951 4624 1001 4673 epp
1024 4605 1103 4672 (corr.
1127 4606 1187 4673 ed).
1212 4602 1224 4673 Η
1245 4605 1278 4655 25
1300 4606 1407 4672 possint
1422 4620 1471 4671 pq:

333 4698 449 4765 possunt
464 4712 487 4747 υ.
